@article{Gershenson2015,
archivePrefix = {arXiv},
arxivId = {1506.06796},
author = {Gershenson, Carlos and Helbing, Dirk},
doi = {10.1002/cplx.21736},
eprint = {1506.06796},
file = {:C\:/Library/Gershenson, Helbing - 2015 - When slower is faster.pdf:pdf},
issn = {10762787},
journal = {Complexity},
keywords = {Cascading effects,Collective motion,Evolution,Phase transitions},
mendeley-groups = {Urban Simulators/paper BCN (pruning cities 01),Policy},
month = {nov},
number = {2},
pages = {9--15},
title = {{When slower is faster}},
url = {https://onlinelibrary.wiley.com/doi/10.1002/cplx.21736},
volume = {21},
year = {2015}
}


