@article{ArgotaSanchez-Vaquerizo2024,
author = {{Argota S{\'{a}}nchez-Vaquerizo}, Javier and Hausladen, Carina I. and Mahajan, Sachit and Matter, Marc and Siebenmann, Michael and van Eggermond, Michael A. B. and Helbing, Dirk},
doi = {10.1038/s41598-024-55073-x},
isbn = {0123456789},
issn = {2045-2322},
journal = {Scientific Reports},
keywords = {Computational science,Engineering},
mendeley-groups = {Computer Vision,Urban Planning,Urban Simulators/adaptive streets},
month = {feb},
number = {1},
pages = {4571},
publisher = {Nature Publishing Group},
title = {{A virtual reality experiment to study pedestrian perception of future street scenarios}},
url = {https://link.springer.com/articles/s41598-024-55073-x https://link.springer.com/article/10.1038/s41598-024-55073-x https://www.nature.com/articles/s41598-024-55073-x},
volume = {14},
year = {2024}
}

@article{ArgotaSanchez-Vaquerizo2021,
author = {{Argota S{\'{a}}nchez-Vaquerizo}, Javier},
doi = {10.3390/ijgi11010024},
issn = {2220-9964},
journal = {ISPRS International Journal of Geo-Information},
keywords = {Large-scale,Mobile phone data,Real data,SUMO,Smart cities,Traffic microsimulation,Urban digital twin,Validation},
mendeley-groups = {Urban Simulators/paper BCN (pruning cities 01),Urban Simulators,Digital Twins/DT: Potential Limitations and Ethical Issues},
month = {dec},
number = {1},
pages = {24},
publisher = {Multidisciplinary Digital Publishing Institute},
title = {{Getting Real: The Challenge of Building and Validating a Large-Scale Digital Twin of Barcelona's Traffic with Empirical Data}},
url = {https://www.mdpi.com/2220-9964/11/1/24/htm https://www.mdpi.com/2220-9964/11/1/24},
volume = {11},
year = {2021}
}

@article{ArgotaSanchez-Vaquerizo2023LessCity-making,
    title = {{Less can be more: Pruning street networks for sustainable city-making}},
    year = {2023},
    journal = {Transportation Research Interdisciplinary Perspectives},
    author = {Argota S{\'{a}}nchez-Vaquerizo, Javier and Helbing, Dirk},
    month = {9},
    pages = {100878},
    volume = {21},
    url = {https://linkinghub.elsevier.com/retrieve/pii/S2590198223001252},
    doi = {10.1016/j.trip.2023.100878},
    issn = {25901982}
}

@article{ArgotaSanchez-Vaquerizo2024EstimatingODSSRN,
author = {{Argota S{\'{a}}nchez-Vaquerizo}, Javier and Helbing, Dirk},
journal = {SSRN Electronic Journal},
keywords = {Dirk Helbing,Estimating traffic reduction by converting offices,Javier Argota S{\'{a}}nchez-Vaquerizo,OD matrices,SSRN,land use,spatial econometric model,traffic,urban modelling},
mendeley-groups = {Digital Twins,Urban Planning},
month = {jun},
title = {{Estimating traffic reduction by converting offices into housing}},
url = {https://papers.ssrn.com/abstract=4862065},
year = {2024}
}

@incollection{ArgotaSanchez-Vaquerizo2023_3Tales,
address = {Delft},
author = {{Argota S{\'{a}}nchez-Vaquerizo}, Javier and {Zurera G{\'{o}}mez}, Adriana},
booktitle = {Future Cities - City Futures: Emerging Urban Perspectives},
chapter = {22},
doi = {10.3929/ethz-b-000635736},
editor = {Veddeler, Christian and Kuijper, Joran and Gath-Morad, Michal and van der Wal, Iris},
file = {:C\:/Library/Ch22_A Tale of Three Cities from Future+Citiesâ€”City+Futures-Emerging+Urban+Perspectives.pdf:pdf},
isbn = {9789463666428},
keywords = {cities simulation,cities speculative design,citizen participation,design fiction,hybrid intelligence,urban digital twins},
pages = {294--307},
publisher = {TU Delft OPEN Books},
title = {{A Tale of Three Cities : On Digital Twins}},
url = {https://books.open.tudelft.nl/home/catalog/book/55 https://www.research-collection.ethz.ch/handle/20.500.11850/635736},
year = {2023}
}