@article{Acemoglu2018,
archivePrefix = {arXiv},
arxivId = {1601.02039},
author = {Acemoglu, Daron and Makhdoumi, Ali and Malekian, Azarakhsh and Ozdaglar, Asuman},
doi = {10.1287/opre.2017.1712},
eprint = {1601.02039},
issn = {15265463},
journal = {Operations Research},
keywords = {Braess' paradox,Information,Traffic,Transportation,Wardrop equilibrium},
mendeley-groups = {Urban Simulators/paper BCN (pruning cities 01)},
number = {4},
pages = {893--917},
title = {{Informational braess' paradox: The effect of information on traffic congestion}},
volume = {66},
year = {2018}
}

@article{Acheampong2015,
author = {Acheampong, Ransford Antwi and Silva, Elisabete},
doi = {10.5198/jtlu.2015.806},
issn = {1938-7849},
journal = {Journal of Transport and Land Use},
keywords = {Activity-based approach,Four-step model,Land-use,Micro-simulation,Stochasticity,Transportation,Uncertainty},
mendeley-groups = {Urban Simulators/Teleworking,Urban Planning,Urban Simulators/paper BCN (pruning cities 01)},
month = {jul},
number = {3},
pages = {11--38},
title = {{Land use–transport interaction modeling: A review of the literature and future research directions}},
url = {https://www.jtlu.org/index.php/jtlu/article/view/806},
volume = {8},
year = {2015}
}

@misc{AIMSUN,
author = {AIMSUN},
mendeley-groups = {Urban Simulators/paper BCN (pruning cities 01)},
title = {{AIMSUN Technical Notes}},
url = {https://www.aimsun.com/category/tech_notes/},
urldate = {2021-04-10}
}
@techreport{Airaksinen2019,
address = {Helsinki},
author = {Airaksinen, Enni and Bergstr{\"{o}}m, Maija and Heinonen, Hannu and Kaisla, Kari and Lahti, Kristina and Suomist, Jarno},
institution = {City of Helsinki},
mendeley-groups = {Urban Simulators/paper BCN (pruning cities 01),Data Analytics for Urban Design},
title = {{The Kalasatama Digital Twins Project}},
url = {https://www.gartner.com/smarterwithgartner/gartner-top-10- https://www.hel.fi/static/liitteet-2019/Kaupunginkanslia/Helsinki3D_Kalasatama_Digital_Twins.pdf},
year = {2019}
}
@techreport{AjuntamentdeBarcelona2022,
address = {Barcelona},
author = {{Ajuntament de Barcelona}},
institution = {Ajuntament de Barcelona},
mendeley-groups = {Urban Simulators/paper BCN (pruning cities 01),Urban Planning,Urban Simulators/pruning cities 02,Policy},
title = {{SAGRERA SUD-NAVAS SUD 3a reuni{\'{o}} amb el Grup Impulsor}},
year = {2022}
}
@techreport{AjuntamentdeBarcelona2022,
address = {Barcelona},
author = {{Ajuntament de Barcelona}},
institution = {Ajuntament de Barcelona},
mendeley-groups = {Urban Simulators/paper BCN (pruning cities 01),Urban Planning,Urban Simulators/pruning cities 02,Policy},
title = {{Sagrada Fam{\'{i}}lia, Fort Pienc i Camp del Grassot. 2a reuni{\'{o}} amb el Grup Impulsor}},
year = {2022}
}
@techreport{AjuntamentdeBarcelona2021,
address = {Barcelona},
author = {{Ajuntament de Barcelona}},
institution = {Ajuntament de Barcelona},
mendeley-groups = {Urban Simulators/paper BCN (pruning cities 01),Urban Planning,Urban Simulators/pruning cities 02,Policy},
title = {{Sagrada Fam{\'{i}}lia, Fort Pienc i Camp del Grassot. 1a reuni{\'{o}} amb el Grup Impulsor}},
year = {2021}
}
@techreport{AjuntamentdeBarcelona2022a,
address = {Barcelona},
author = {{Ajuntament de Barcelona}},
institution = {Ajuntament de Barcelona},
mendeley-groups = {Urban Simulators/paper BCN (pruning cities 01),Urban Planning,Urban Simulators/pruning cities 02,Policy},
title = {{Superilla Sant Gervasi de Cassoles. 1{\textordmasculine} Reuni{\'{o}} Grup Impulsor Fase projectes}},
url = {https://ajuntament.barcelona.cat/superilles/es/content/sant-gervasi-de-cassoles},
year = {2022}
}
@techreport{AjuntamentdeBarcelona2013a,
author = {{Ajuntament de Barcelona}},
mendeley-groups = {Urban Simulators/paper BCN (pruning cities 01),Urban Planning},
title = {{Plan de Movilidad Urbana de Barcelona 2013 - 2018 (Sintesis en castellano).}},
year = {2013}
}
@techreport{AjuntamentdeBarcelona2021a,
author = {{Ajuntament de Barcelona}},
institution = {Ajuntament de Barcelona},
mendeley-groups = {Urban Planning,Urban Simulators/paper BCN (pruning cities 01)},
title = {{SUPERBLOCK BARCELONA Towards the city we want}},
year = {2021}
}
@misc{AjuntamentdeBarcelona2019gauging,
author = {{Ajuntament de Barcelona}},
booktitle = {Open Data Barcelona},
mendeley-groups = {Urban Simulators/paper BCN (pruning cities 01)},
title = {{Mobility gauging detail of the city of Barcelona - Datasets}},
url = {https://opendata-ajuntament.barcelona.cat/data/en/dataset/aforaments-detall},
urldate = {2021-05-16},
year = {2019}
}
@misc{AjuntamentdeBarcelona2019,
author = {{Ajuntament de Barcelona}},
booktitle = {Open Data BCN},
mendeley-groups = {Urban Simulators/paper BCN (pruning cities 01)},
title = {{Aforaments mobilitat (traffic counts)}},
url = {https://opendata-ajuntament.barcelona.cat/data/ca/dataset?q=aforaments+mobilitat},
urldate = {2021-04-13},
year = {2019}
}
@techreport{AjuntamentdeBarcelona2019a,
address = {Barcelona},
author = {{Ajuntament de Barcelona}},
institution = {Ajuntament de Barcelona},
mendeley-groups = {Urban Simulators/paper BCN (pruning cities 01),Urban Simulators/pruning cities 02},
title = {{Pla d'acci{\'{o}} per a l'{\`{a}}mbit de Superilles de l'Esquerra de l'Eixample (Entorn del carrer Consell de Cent - Germanetes)}},
year = {2019}
}
@techreport{AjuntamentdeBarcelona2019b,
address = {Barcelona},
author = {{Ajuntament de Barcelona}},
institution = {Ajuntament de Barcelona},
mendeley-groups = {Urban Simulators/paper BCN (pruning cities 01),Urban Simulators/pruning cities 02},
title = {{Pla d'acci{\'{o}} per a l'{\`{a}}mbit de Superilles de la Dreta de l'Eixample (entorn del carrer Girona)}},
url = {https://ajuntament.barcelona.cat/superilles/sites/default/files/pla_accio_superilles_girona.pdf},
year = {2019}
}
@techreport{AjuntamentdeBarcelona2019c,
address = {Barcelona},
author = {{Ajuntament de Barcelona}},
institution = {Ajuntament de Barcelona},
mendeley-groups = {Urban Simulators/paper BCN (pruning cities 01),Urban Simulators/pruning cities 02},
title = {{Pla d'acci{\'{o}} per a l'{\`{a}}mbit de superilles de Sant Antoni. Pla d'acci{\'{o}} consensuat.}},
year = {2019}
}
@techreport{AjuntamentdeBarcelona2019d,
address = {Barcelona},
author = {{Ajuntament de Barcelona}},
institution = {Ajuntament de Barcelona},
mendeley-groups = {Urban Planning,Urban Simulators/paper BCN (pruning cities 01),Policy},
title = {{Final de les actuacions i funcionament de l'{\`{a}}mbit de Superilles de St. Antoni}},
year = {2019}
}
@techreport{AjuntamentdeBarcelona2016,
address = {Barcelona},
author = {{Ajuntament de Barcelona}},
institution = {Ajuntament de Barcelona},
mendeley-groups = {Urban Simulators/paper BCN (pruning cities 01)},
title = {{Dades b{\`{a}}siques de mobilitat 2015}},
url = {https://www.barcelona.cat/mobilitat/sites/default/files/DB_2015.pdf},
year = {2016}
}
@techreport{AjuntamentdeBarcelona2018,
author = {{Ajuntament de Barcelona}},
booktitle = {Estad{\'{i}}stica de la ciutat de Barcelona 2018},
institution = {Ajuntament de Barcelona},
mendeley-groups = {Urban Simulators/paper BCN (pruning cities 01)},
pages = {1--2},
title = {{Superficie y densidad de los distritos y barrios. 2018}},
url = {http://www.bcn.cat/estadistica/castella/dades/anuari/cap01/C0101050.htm},
year = {2018}
}
@techreport{AjuntamentdeBarcelona2016,
address = {Barcelona},
archivePrefix = {arXiv},
arxivId = {arXiv:1011.1669v3},
author = {{Ajuntament de Barcelona}},
eprint = {arXiv:1011.1669v3},
institution = {Ajuntament de Barcelona},
isbn = {9788578110796},
issn = {1098-6596},
mendeley-groups = {Urban Simulators/paper BCN (pruning cities 01)},
pmid = {25246403},
title = {{Omplim de vida els carrers. Implantati{\'{o}} de les Superilles a Barcelona. Presentaci{\'{o}} Superilla Poblenou-Badajoz, Consell de Barri, octubre 2016.}},
url = {https://ajuntament.barcelona.cat/superilles/es/superilla/sant-marti},
year = {2016}
}
@techreport{AjuntamentdeBarcelona2020,
address = {Barcelona},
author = {{Ajuntament de Barcelona}},
institution = {Ajuntament de Barcelona},
mendeley-groups = {Urban Planning,Urban Simulators/paper BCN (pruning cities 01)},
title = {{Transforming Barcelona. Implementing the Superblocks program}},
url = {http://ajuntament.barcelona.cat/superilles},
year = {2020}
}
@techreport{AjuntamentdeBarcelona2013,
address = {Barcelona},
author = {{Ajuntament de Barcelona}},
institution = {Ajuntament de Barcelona},
mendeley-groups = {Urban Simulators/paper BCN (pruning cities 01)},
pages = {1--22},
title = {{Pla d'Acci\'{o} de l'\`{a}mbit de la Superilla d'Horta. Document resultat del treball participat amb entitats, col$\cdot$lectius i ve\"{i}nat del barri d'Horta.}},
year = {2013}
}
@article{Alessandretti2021,
author = {Alessandretti, Laura},
doi = {10.1038/s43588-021-00118-8},
issn = {2662-8457},
journal = {Nature Computational Science},
keywords = {Computational science,Geography,Society},
mendeley-groups = {Urban Simulators/paper BCN (pruning cities 01),Digital Twins,Urban Simulators},
month = {oct},
number = {10},
pages = {642--643},
publisher = {Nature Publishing Group},
title = {{A new computational model for human navigation}},
url = {https://www.nature.com/articles/s43588-021-00118-8},
volume = {1},
year = {2021}
}
@article{Ambuhl2017,
author = {Amb{\"{u}}hl, Lukas and Loder, Allister and Menendez, Monica and Axhausen, Kay W},
doi = {10.3929/ethz-b-000167171},
journal = {TRB 96th Annual Meeting Compendium of Papers},
mendeley-groups = {Urban Simulators/paper BCN (pruning cities 01)},
pages = {17--03331},
publisher = {Transportation Research Board},
title = {{Empirical Macroscopic Fundamental Diagrams New insights from loop detector and floating car data}},
url = {https://doi.org/10.3929/ethz-b-000167171},
year = {2017}
}
@article{Amezquita-Lopez2021,
author = {Am{\'{e}}zquita-L{\'{o}}pez, Julio and Vald{\'{e}}s-Atencio, Jorge and Angulo-Garc{\'{i}}a, David},
doi = {10.3390/infrastructures6060085},
issn = {24123811},
journal = {Infrastructures},
keywords = {Agent-based modeling (ABM),Network analysis,Traffic analysis,Urban expansion},
mendeley-groups = {Urban Simulators/paper BCN (pruning cities 01)},
number = {6},
title = {{Understanding traffic congestion via network analysis, agent modeling, and the trajectory of urban expansion: A coastal city case}},
volume = {6},
year = {2021}
}
@article{Amini,
author = {Amini, Sasan and Tilg, Gabriel and Busch, Fritz},
keywords = {Calibration,Macroscopic Fundamental Diagram,Mesoscopic Traffic Simulation,Traffic Flow Theory},
mendeley-groups = {Urban Simulators/paper BCN (pruning cities 01)},
title = {{Calibration of mesoscopic simulation models for urban corridors based on the macroscopic fundamental diagram}}
}

@article{Anderson2019,
author = {Anderson, Jennings and Sarkar, Dipto and Palen, Leysia},
doi = {10.3390/ijgi8050232},
issn = {22209964},
journal = {ISPRS International Journal of Geo-Information},
keywords = {Corporations,Geospatial data,Open data,OpenStreetMap,Volunteered Geographic Information},
mendeley-groups = {Urban Simulators/paper BCN (pruning cities 01)},
month = {may},
number = {5},
pages = {232},
publisher = {MDPI AG},
title = {{Corporate editors in the evolving landscape of OpenStreetMap}},
url = {https://www.mdpi.com/2220-9964/8/5/232},
volume = {8},
year = {2019}
}


@misc{AnyLogic,
author = {AnyLogic},
mendeley-groups = {Urban Simulators/paper BCN (pruning cities 01)},
title = {{Road Traffic Simulation Software}},
url = {https://www.anylogic.com/road-traffic/},
urldate = {2021-04-10}
}
@article{Arcaute2021,
author = {Arcaute, Elsa and Barthelemy, Marc and Batty, Michael and Caldarelli, Guido and Gershenson, Carlos and Helbing, Dirk and Moreno, Yamir and Ramasco, Jos{\'{e}} J and Rozenblat, C{\'{e}}line and S{\'{a}}nchez, Angel},
mendeley-groups = {Urban Simulators/paper BCN (pruning cities 01),Digital Twins/DT: Potential Limitations and Ethical Issues},
number = {September},
title = {{Future Cities: Why Digital Twins Need to Take Complexity Science on Board}},
url = {https://www.researchgate.net/publication/354446988_Future_Cities_Why_Digital_Twins_Need_to_Take_Complexity_Science_on_Board},
year = {2021}
}
@article{ArgotaSanchez-Vaquerizo2021,
author = {{Argota S{\'{a}}nchez-Vaquerizo}, Javier},
doi = {10.3390/ijgi11010024},
issn = {2220-9964},
journal = {ISPRS International Journal of Geo-Information},
keywords = {Large-scale,Mobile phone data,Real data,SUMO,Smart cities,Traffic microsimulation,Urban digital twin,Validation},
mendeley-groups = {Urban Simulators/paper BCN (pruning cities 01),Urban Simulators,Digital Twins/DT: Potential Limitations and Ethical Issues},
month = {dec},
number = {1},
pages = {24},
publisher = {Multidisciplinary Digital Publishing Institute},
title = {{Getting Real: The Challenge of Building and Validating a Large-Scale Digital Twin of Barcelona's Traffic with Empirical Data}},
url = {https://www.mdpi.com/2220-9964/11/1/24/htm https://www.mdpi.com/2220-9964/11/1/24},
volume = {11},
year = {2021}
}
@inproceedings{Ayres2001,
author = {Ayres, T. J. and Li, L. and Schleuning, D. and Young, D.},
booktitle = {IEEE Conference on Intelligent Transportation Systems, Proceedings, ITSC},
doi = {10.1109/itsc.2001.948767},
keywords = {Highway driving,Time-headway,Vehicle control},
mendeley-groups = {Urban Simulators/paper BCN (pruning cities 01)},
pages = {826--829},
title = {{Preferred time-headway of highway drivers}},
year = {2001}
}
@misc{AyuntamientodeMadrid2021,
address = {Madrid},
author = {{Ayuntamiento de Madrid}},
booktitle = {Diario de Madrid},
mendeley-groups = {Urban Planning,to be read,Urban Simulators/paper BCN (pruning cities 01),Data Analytics for Urban Design,Digital Twins/DT: Potential Limitations and Ethical Issues},
month = {mar},
title = {{Madrid actualiza su simulador de movilidad e incluye todos los sistemas de transporte para reducir las afecciones al tr{\'{a}}fico}},
url = {https://diario.madrid.es/blog/notas-de-prensa/madrid-actualiza-su-simulador-de-movilidad-e-incluye-todos-los-sistemas-de-transporte-para-reducir-las-afecciones-al-trafico/},
urldate = {2021-03-17},
year = {2021}
}
@article{Bagloee2019,
author = {Bagloee, Saeed Asadi and {(Avi) Ceder}, Avishai and Sarvi, Majid and Asadi, Mohsen},
doi = {10.1016/j.tra.2019.01.021},
issn = {09658564},
journal = {Transportation Research Part A: Policy and Practice},
keywords = {Braess Paradox,Braess Paradox Detection,No-car zone,Surrogate function},
mendeley-groups = {Simulations and Crowds,Urban Simulators/paper BCN (pruning cities 01),Urban Simulators,Urban Planning,Data Analytics for Urban Design},
month = {mar},
pages = {251--264},
publisher = {Elsevier Ltd},
title = {{Is it time to go for no-car zone policies? Braess Paradox Detection}},
url = {https://linkinghub.elsevier.com/retrieve/pii/S0965856418308012},
volume = {121},
year = {2019}
}
@article{Bagloee2014,
author = {Bagloee, Saeed Asadi and Ceder, Avishai (Avi) and Tavana, Madjid and Bozic, Claire},
doi = {10.1080/23249935.2013.787557},
issn = {23249943},
journal = {Transportmetrica A: Transport Science},
keywords = {Braess Paradox detection,genetic algorithm,heuristic algorithm},
mendeley-groups = {Computational Design,Urban Planning,Urban Simulators/paper BCN (pruning cities 01),Urban Simulators},
month = {may},
number = {5},
pages = {437--456},
publisher = {Edinburgh University Press},
title = {{A heuristic methodology to tackle the Braess Paradox detecting problem tailored for real road networks}},
url = {http://www.tandfonline.com/doi/abs/10.1080/23249935.2013.787557},
volume = {10},
year = {2014}
}
@article{Bagloee2018,
author = {Bagloee, Saeed Asadi and Sarvi, Majid and Patriksson, Michael and Asadi, Mohsen},
doi = {10.1111/mice.12370},
issn = {10939687},
journal = {Computer-Aided Civil and Infrastructure Engineering},
mendeley-groups = {Urban Simulators/paper BCN (pruning cities 01)},
month = {oct},
number = {10},
pages = {833--848},
publisher = {John Wiley \& Sons, Ltd},
title = {{Optimization for Roads' Construction: Selection, Prioritization, and Scheduling}},
url = {https://onlinelibrary.wiley.com/doi/full/10.1111/mice.12370 https://onlinelibrary.wiley.com/doi/abs/10.1111/mice.12370 https://onlinelibrary.wiley.com/doi/10.1111/mice.12370},
volume = {33},
year = {2018}
}
@article{Balakrishna2007,
author = {Balakrishna, Ramachandran and Antoniou, Constantinos and Ben-Akiva, Moshe and Koutsopoulos, Haris N and Wen, Yang},
doi = {10.3141/1999-21},
isbn = {9780309104258},
issn = {03611981},
journal = {Transportation Research Record},
mendeley-groups = {Urban Simulators/paper BCN (pruning cities 01),Urban Simulators},
number = {1999},
pages = {198--207},
title = {{Calibration of microscopic traffic simulation models: Methods and application}},
url = {https://web.archive.org/web/20210923095118/https://observatorimobilitat.atm.cat/docs-observatori/enquestes-de-mobilitat/Enquestes_ambit_ATM/EMEF/2019/EMEF_2019_Informe_BCN.pdf https://observatorimobilitat.atm.cat/docs-observatori/enquestes-de-mobilitat/En},
year = {2007}
}
@article{Balmer2006,
author = {Balmer, Michael and Axhausen, Kay W and Nagel, Kay},
journal = {Transportation Research Record: Journal of the Transportation Research Board},
keywords = {Arbeitsbericht Verkehrs- und Raumplanung 306},
mendeley-groups = {Urban Simulators,Urban Simulators/paper BCN (pruning cities 01)},
number = {1985},
pages = {125--134},
title = {{Agent-based demand-modeling framework for large-scale microsimulation}},
year = {2006}
}
@article{Bao2019,
author = {Bao, Jinsong and Guo, Dongsheng and Li, Jie and Zhang, Jie},
doi = {10.1080/17517575.2018.1526324},
issn = {17517583},
journal = {Enterprise Information Systems},
keywords = {Digital twin,aerospace structural parts,enterprise information integration,inter- enterprise interoperation,manufacturing operations and control},
mendeley-groups = {Urban Simulators/paper BCN (pruning cities 01)},
month = {apr},
number = {4},
pages = {534--556},
publisher = {Taylor \& Francis},
title = {{The modelling and operations for the digital twin in the context of manufacturing}},
url = {https://www.tandfonline.com/doi/abs/10.1080/17517575.2018.1526324},
volume = {13},
year = {2019}
}

@article{Barbosa2018HumanApplications,
    title = {{Human mobility: Models and applications}},
    year = {2018},
    journal = {Physics Reports},
    author = {Barbosa, Hugo and Barthelemy, Marc and Ghoshal, Gourab and James, Charlotte R. and Lenormand, Maxime and Louail, Thomas and Menezes, Ronaldo and Ramasco, José J. and Simini, Filippo and Tomasini, Marcello},
    month = {3},
    pages = {1--74},
    volume = {734},
    publisher = {Elsevier B.V.},
    url = {https://linkinghub.elsevier.com/retrieve/pii/S037015731830022X},
    doi = {10.1016/j.physrep.2018.01.001},
    issn = {03701573},
    arxivId = {1710.00004},
    keywords = {Human dynamics, Human mobility, Origin–destination matrices, Random walks}
}

@article{Barcelo2006,
author = {Barcel{\'{o}}, Jaime and Casas, Jordi},
doi = {10.1177/0361198106196400109},
issn = {0361-1981},
journal = {Transportation Research Record: Journal of the Transportation Research Board},
mendeley-groups = {Urban Simulators/paper BCN (pruning cities 01),Digital Twins,Urban Simulators},
month = {jan},
number = {1},
pages = {70--80},
publisher = {SAGE PublicationsSage CA: Los Angeles, CA},
title = {{Stochastic Heuristic Dynamic Assignment Based on AIMSUN Microscopic Traffic Simulator}},
url = {https://journals.sagepub.com/doi/abs/10.1177/0361198106196400109},
volume = {1964},
year = {2006}
}

@inproceedings{Bartin2018,
author = {Bartin, Bekir and Ozbay, Kaan and Gao, Jingqin and Kurkcu, Abdullah},
booktitle = {Procedia Computer Science},
doi = {10.1016/j.procs.2018.04.076},
issn = {18770509},
keywords = {Large-scale Models,calibration,microscopic traffic simulation,validation},
mendeley-groups = {Urban Simulators/paper BCN (pruning cities 01)},
month = {jan},
pages = {844--849},
publisher = {Elsevier B.V.},
title = {{Calibration and validation of large-scale traffic simulation networks: A case study}},
volume = {130},
year = {2018}
}

@article{Bassolas2019,
archivePrefix = {arXiv},
arxivId = {1803.06375},
author = {Bassolas, Aleix and Ramasco, Jos{\'{e}} J. and Herranz, Ricardo and Cant{\'{u}}-Ros, Oliva G.},
doi = {10.1016/j.tra.2018.12.024},
eprint = {1803.06375},
issn = {09658564},
journal = {Transportation Research Part A: Policy and Practice},
keywords = {Activity-based transport modelling,Cordon toll,MATSim,Mobile phone data},
mendeley-groups = {Urban Planning,Urban Simulators,Simulations and Crowds,Data Analytics for Urban Design,Urban Simulators/paper BCN (pruning cities 01)},
month = {mar},
pages = {56--74},
publisher = {Elsevier Ltd},
title = {{Mobile phone records to feed activity-based travel demand models: MATSim for studying a cordon toll policy in Barcelona}},
volume = {121},
year = {2019}
}

@book{Batty2013,
address = {Cambridge, MA, and London, UK},
annote = {From},
author = {Batty, Michael},
isbn = {9780262019521},
keywords = {cities,city planning},
mendeley-groups = {CoCi,Urban Simulators/paper BCN (pruning cities 01)},
mendeley-tags = {cities,city planning},
publisher = {MIT Press},
title = {{The New Science of Cities}},
year = {2013}
}


@article{Batty2018,
author = {Batty, Michael},
doi = {10.1177/2399808318796416},
issn = {2399-8083},
journal = {Environment and Planning B: Urban Analytics and City Science},
mendeley-groups = {Data Analytics for Urban Design,Digital Twins,Iaac Bits,Digital Twins/DT: Potential Limitations and Ethical Issues,Democracy by Design,Digital Twins/Urban Digital Twins,Urban Simulators/paper BCN (pruning cities 01)},
month = {sep},
number = {5},
pages = {817--820},
publisher = {SAGE Publications Ltd},
title = {{Digital twins}},
url = {http://journals.sagepub.com/doi/10.1177/2399808318796416},
volume = {45},
year = {2018}
}

@article{Batty2021,
author = {Batty, Michael},
doi = {10.1177/23998083211051139},
issn = {23998091},
journal = {Environment and Planning B: Urban Analytics and City Science},
mendeley-groups = {Urban Simulators/paper BCN (pruning cities 01)},
number = {8},
pages = {2129--2132},
title = {{Multiple models}},
volume = {48},
year = {2021}
}
@misc{Batty2019,
author = {Batty, Michael},
booktitle = {Environment and Planning B: Urban Analytics and City Science},
doi = {10.1177/2399808319850652},
issn = {23998091},
mendeley-groups = {Urban Simulators/paper BCN (pruning cities 01)},
month = {may},
number = {4},
pages = {599--602},
publisher = {SAGE PublicationsSage UK: London, England},
title = {{A map is not the territory, or is it?}},
url = {https://journals.sagepub.com/doi/10.1177/2399808319850652},
volume = {46},
year = {2019}
}
@article{Bausells2016,
address = {London},
author = {Bausells, Marta},
journal = {The Guardian},
mendeley-groups = {Urban Simulators/paper BCN (pruning cities 01),Newspapers articles},
month = {may},
title = {{Superblocks to the rescue: Barcelona's plan to give streets back to residents}},
url = {https://www.theguardian.com/cities/2016/may/17/superblocks-rescue-barcelona-spain-plan-give-streets-back-residents},
year = {2016}
}
@article{Bazzan2005,
author = {Bazzan, Ana L.C. and Kl{\"{u}}gl, Franziska},
doi = {10.1016/j.trc.2005.07.003},
issn = {0968090X},
journal = {Transportation Research Part C: Emerging Technologies},
keywords = {Agent-based simulation,Braess Paradox,Route choice,Traffic simulation},
mendeley-groups = {Urban Simulators/paper BCN (pruning cities 01),Urban Simulators},
month = {aug},
number = {4},
pages = {299--319},
publisher = {Elsevier Ltd},
title = {{Case studies on the Braess Paradox: Simulating route recommendation and learning in abstract and microscopic models}},
volume = {13},
year = {2005}
}
@incollection{Behrisch2010,
author = {Behrisch, Michael and Krajzewicz, Daniel and Wagner, Peter and Wang, Yun Pang},
booktitle = {New Developments in Transport Planning: Advances in Dynamic Traffic Assignment},
doi = {10.4337/9781781000809.00029},
isbn = {9781781000809},
keywords = {DLR},
mendeley-groups = {Urban Simulators/paper BCN (pruning cities 01)},
pages = {361--386},
title = {{Comparing performance and quality of traffic assignments for microscopic simulation}},
url = {https://infoscience.epfl.ch/record/154987},
year = {2010}
}

@incollection{Behrisch2019,
address = {Cham},
author = {Behrisch, Michael},
booktitle = {Simulating Urban Traffic Scenarios},
chapter = {4},
doi = {10.1007/978-3-319-33616-9_4},
editor = {Behrisch, Michael and Weber, Melanie},
keywords = {Dynamic user assignment,Macroscopic assignment {\textperiodcentered},Microscopic traffic simulation,SUMO {\textperiodcentered}},
mendeley-groups = {to be read,Urban Simulators,Urban Simulators/paper BCN (pruning cities 01)},
pages = {47--54},
publisher = {Springer},
title = {{Connecting Macroscopic and Microscopic Traffic Assignment}},
url = {https://doi.org/10.1007/978-3-319-33616-9_4 http://link.springer.com/10.1007/978-3-319-33616-9_4},
year = {2019}
}

@article{Bellman1958,
author = {Bellman, Richard and Kalaba, Robert},
doi = {10.1109/TAC.1959.1104847},
issn = {0096199X},
journal = {IRE Transactions on Automatic Control},
mendeley-groups = {Urban Simulators/paper BCN (pruning cities 01)},
number = {2},
pages = {1--9},
title = {{On adaptive control processes}},
volume = {4},
year = {1958}
}
@incollection{Ben-Akiva2010,
author = {Ben-Akiva, Moshe and Koutsopoulos, Haris N. and Toledo, Tomer and Yang, Qi and Choudhury, Charisma F. and Antoniou, Constantinos and Balakrishna, Ramachandran},
booktitle = {International Series in Operations Research and Management Science},
doi = {10.1007/978-1-4419-6142-6_6},
issn = {08848289},
mendeley-groups = {Urban Simulators/paper BCN (pruning cities 01)},
pages = {233--268},
publisher = {Springer New York LLC},
title = {{Traffic simulation with MITSIMLab}},
url = {http://mit.edu/its/mitsimlab.html},
volume = {145},
year = {2010}
}
@book{Bennett2010,
author = {Bennett, Jonathan},
isbn = {1847197515},
mendeley-groups = {Urban Simulators/paper BCN (pruning cities 01)},
publisher = {Packt Publishing Ltd},
title = {{OpenStreetMap}},
year = {2010}
}
@inproceedings{Bieker2015,
address = {Cham, Switzerland},
author = {Bieker, Laura and Krajzewicz, Daniel and Morra, Antonio Pio and Michelacci, Carlo and Cartolano, Fabio},
booktitle = {2nd SUMO Conference 2014 Berlin, Germany, May 15-16, 2014. Modeling Mobility with Open Data. Lecture Notes in Mobility.},
doi = {10.1007/978-3-319-15024-6_4},
isbn = {9783319150239},
issn = {01708643},
keywords = {Microscopic simulation,Open data,Real world traffic scenario,Validation},
mendeley-groups = {Urban Simulators,Urban Simulators/paper BCN (pruning cities 01)},
pages = {47--60},
publisher = {Springer},
title = {{Traffic simulation for all: A real world traffic scenario from the city of Bologna}},
volume = {13},
year = {2015}
}
@article{Bieker-Walz,
author = {Bieker-Walz, Laura and Behrisch, Michael and Junghans, Marek and Gimm, Kay},
keywords = {Microscopic simulation,Open source framework,Traffic research},
mendeley-groups = {Urban Simulators/paper BCN (pruning cities 01)},
title = {{Evaluation of car-following-models at controlled intersections}}
}
@article{Bittihn2018,
archivePrefix = {arXiv},
arxivId = {1803.05488},
author = {Bittihn, Stefan and Schadschneider, Andreas},
doi = {10.1016/j.physa.2018.05.018},
eprint = {1803.05488},
issn = {03784371},
journal = {Physica A: Statistical Mechanics and its Applications},
keywords = {Braess,Exclusion process,Networks,Stochastic processes,Traffic},
mendeley-groups = {Urban Simulators/paper BCN (pruning cities 01)},
month = {oct},
pages = {133--152},
publisher = {Elsevier B.V.},
title = {{Braess paradox in a network with stochastic dynamics and fixed strategies}},
volume = {507},
year = {2018}
}
@article{Bittihn2021,
archivePrefix = {arXiv},
arxivId = {2009.02158},
author = {Bittihn, Stefan and Schadschneider, Andreas},
doi = {10.1088/1742-5468/abdeae},
eprint = {2009.02158},
issn = {17425468},
journal = {Journal of Statistical Mechanics: Theory and Experiment},
keywords = {Agent-based models,Exclusion processes,Socio-economic networks,Traffic and crowd dynamics},
mendeley-groups = {Urban Simulators/paper BCN (pruning cities 01),Urban Planning,Urban Simulators},
month = {sep},
number = {3},
title = {{Braess' paradox in the age of traffic information}},
url = {http://arxiv.org/abs/2009.02158},
volume = {2021},
year = {2021}
}
@article{Bittihn2021a,
archivePrefix = {arXiv},
arxivId = {2011.09456},
author = {Bittihn, Stefan and Schadschneider, Andreas},
doi = {10.1016/j.physa.2021.125829},
eprint = {2011.09456},
issn = {03784371},
journal = {Physica A: Statistical Mechanics and its Applications},
keywords = {Braess paradox,Cellular automata,Exclusion process,Highway network},
mendeley-groups = {Urban Simulators/paper BCN (pruning cities 01)},
month = {nov},
title = {{The effect of modern traffic information on Braess' paradox}},
url = {http://arxiv.org/abs/2011.09456},
volume = {571},
year = {2021}
}
@misc{Blanchar2021,
address = {Barcelona},
author = {Blanchar, Clara},
booktitle = {El Pais - One},
mendeley-groups = {Urban Simulators/paper BCN (pruning cities 01)},
month = {jan},
title = {{La otra cara de la supermanzana del Eixample}},
url = {https://elpais.com/espana/catalunya/2021-01-30/la-otra-cara-de-la-supermanzana-del-eixample.html},
year = {2021}
}

@article{Boeing2017,
author = {Boeing, Geoff},
doi = {10.1016/j.compenvurbsys.2017.05.004},
issn = {01989715},
journal = {Computers, Environment and Urban Systems},
keywords = {Complex networks,GIS,OpenStreetMap,Python,Resilience,Street network,Transportation,Urban design,Urban form,Visualization},
mendeley-groups = {Urban Planning,to be read,Simulations and Crowds,Urban Simulators,Urban Simulators/paper BCN (pruning cities 01)},
month = {sep},
pages = {126--139},
publisher = {Elsevier Ltd},
title = {{OSMnx: New methods for acquiring, constructing, analyzing, and visualizing complex street networks}},
volume = {65},
year = {2017}
}


@article{Bongiorno2021,
archivePrefix = {arXiv},
arxivId = {2103.07104},
author = {Bongiorno, Christian and Zhou, Yulun and Kryven, Marta and Theurel, David and Rizzo, Alessandro and Santi, Paolo and Tenenbaum, Joshua and Ratti, Carlo},
doi = {10.1038/s43588-021-00130-y},
eprint = {2103.07104},
issn = {2662-8457},
journal = {Nature Computational Science},
keywords = {Computational science,Geography,Society},
mendeley-groups = {Urban Simulators/paper BCN (pruning cities 01),Digital Twins,Urban Simulators},
month = {oct},
number = {10},
pages = {678--685},
publisher = {Nature Publishing Group},
title = {{Vector-based pedestrian navigation in cities}},
url = {https://www.nature.com/articles/s43588-021-00130-y},
volume = {1},
year = {2021}
}
@article{Bonte2006,
author = {Bonte, Laetitia and Espi{\'{e}}, S and Mathieu, Philippe},
isbn = {0153101520},
journal = {Jfsma},
keywords = {behaviour,comportement,deux-roues motoris{\'{e}}s,h erm{\`{e}}s s cience,motorcycle,multi-agent,p ublications},
mendeley-groups = {Urban Simulators/paper BCN (pruning cities 01)},
title = {{Mod{\'{e}}lisation et simulation des usagers deux-roues motoris{\'{e}}s dans ARCHISIM.}},
url = {www.ttsim.com/Produits/aimsun.htm http://www.researchgate.net/publication/221225208_Modlisation_et_simulation_des_usagers_deux-roues_motoriss_dans_ARCHISIM/file/60b7d517d445cd373c.pdf},
year = {2006}
}

@article{Borge2018,
author = {Borge, Rafael and Art{\'{i}}{\~{n}}ano, Bego{\~{n}}a and Yag{\"{u}}e, Carlos and Gomez-Moreno, Francisco Javier and Saiz-Lopez, Alfonso and Sastre, Mariano and Narros, Adolfo and Garc{\'{i}}a-Nieto, David and Benavent, Nuria and Maqueda, Gregorio and Barreiro, Marcos and de Andr{\'{e}}s, Juan Manuel and Crist{\'{o}}bal, {\'{A}}ngeles},
doi = {10.1016/j.scitotenv.2018.03.149},
issn = {18791026},
journal = {Science of the Total Environment},
keywords = {Abatement measures effectivity,Air pollution,Atmospheric observations,NO2 protocol,Short-term action plans,Urban air quality},
mendeley-groups = {Urban Planning,Urban Simulators/paper BCN (pruning cities 01),to be read,Urban Simulators},
pages = {1561--1573},
pmid = {29605235},
publisher = {Barcelona Supercomputing Center},
title = {{Application of a short term air quality action plan in Madrid (Spain) under a high-pollution episode - Part I: Diagnostic and analysis from observations}},
url = {https://doi.org/10.1016/j.scitotenv.2018.03.149},
volume = {635},
year = {2018}
}
@article{Braess1969,
author = {Braess, Dietrich},
journal = {Unternehmensforschung},
mendeley-groups = {Urban Planning,Simulations and Crowds,Urban Simulators,Urban Simulators/paper BCN (pruning cities 01)},
number = {12},
pages = {258--268},
title = {{{\"{U}}ber ein Paradoxon aus der Verkehrsplanung}},
year = {1969}
}
@article{Braess2005,
author = {Braess, Dietrich and Nagurney, Anna and Wakolbinger, Tina},
doi = {10.1287/trsc.1050.0127},
issn = {15265447},
journal = {Transportation Science},
keywords = {Critical flows,Equilibrium,Existence theorem,Optimal flows,Paradox,Traffic network planning},
mendeley-groups = {Urban Planning,Simulations and Crowds,Urban Simulators,Urban Simulators/paper BCN (pruning cities 01)},
number = {4},
pages = {446--450},
title = {{On a paradox of traffic planning}},
volume = {39},
year = {2005}
}
@article{Brockfeld2003,
author = {Brockfeld, Elmar and K{\"{u}}hne, Reinhart D. and Skabardonis, Alexander and Wagner, Peter},
doi = {10.3141/1852-16},
journal = {https://doi.org/10.3141/1852-16},
mendeley-groups = {Urban Simulators/paper BCN (pruning cities 01)},
month = {jan},
number = {1852},
pages = {124--129},
publisher = {SAGE PublicationsSage CA: Los Angeles, CA},
title = {{Toward Benchmarking of Microscopic Traffic Flow Models:}},
url = {https://journals.sagepub.com/doi/abs/10.3141/1852-16},
year = {2003}
}
@article{Brockfeld2004,
author = {Brockfeld, Elmar and K{\"{u}}hne, Reinhart D. and Wagner, Peter},
doi = {10.3141/1876-07},
journal = {https://doi.org/10.3141/1876-07},
mendeley-groups = {Urban Simulators/paper BCN (pruning cities 01)},
month = {jan},
number = {1876},
pages = {62--70},
publisher = {SAGE PublicationsSage CA: Los Angeles, CA},
title = {{Calibration and Validation of Microscopic Traffic Flow Models:}},
url = {https://journals.sagepub.com/doi/abs/10.3141/1876-07},
volume = {1876},
year = {2004}
}
@inproceedings{Brockfeld2006,
author = {Brockfeld, Elmar and Wagner, Peter},
booktitle = {IEEE Conference on Intelligent Transportation Systems, Proceedings, ITSC},
doi = {10.1109/itsc.2006.1707453},
isbn = {1424400945},
mendeley-groups = {Urban Simulators/paper BCN (pruning cities 01)},
pages = {1604--1608},
publisher = {Institute of Electrical and Electronics Engineers Inc.},
title = {{Validating microscopic traffic flow models}},
year = {2006}
}
@inproceedings{Burov2021,
archivePrefix = {arXiv},
arxivId = {2107.08374},
author = {Burov, Mikhail and Kizilkale, Can and Kurzhanskiy, Alexander and Arcak, Murat},
booktitle = {IEEE Conference on Intelligent Transportation Systems, Proceedings, ITSC},
doi = {10.1109/ITSC48978.2021.9564775},
eprint = {2107.08374},
isbn = {9781728191423},
keywords = {BPR functions,Beckmann potential,Braess paradox,Optimization},
mendeley-groups = {Urban Planning,Urban Simulators/adaptive streets,Urban Simulators/paper BCN (pruning cities 01),Urban Simulators/pruning cities 02,Urban Simulators},
pages = {2125--2130},
title = {{Detecting Braess Routes: An Algorithm Accounting for Queuing Delays with an Extended Graph}},
volume = {2021-Septe},
year = {2021}
}
@inproceedings{Buscema2009,
author = {Buscema, Daniele and Ignaccolo, Matteo and Inturri, Giuseppe and Pluchino, Alessandro and Rapisarda, Andrea and Santoro, Corrado and Tudisco, Salvatore},
booktitle = {TIC-STH'09: 2009 IEEE Toronto International Conference - Science and Technology for Humanity},
doi = {10.1109/TIC-STH.2009.5444404},
isbn = {9781424438785},
keywords = {Braess' paradox,Cooperative traffic management,Intelligent Transportation Systems,Multi-agent-system,NetLogo,Road traffic control,Route choice model},
mendeley-groups = {Urban Simulators/paper BCN (pruning cities 01)},
pages = {72--77},
title = {{The impact of real time information on transport network routing through intelligent agent-based simulation}},
year = {2009}
}
@techreport{Cabannes2019,
author = {Cabannes, Theophile},
mendeley-groups = {Urban Simulators/paper BCN (pruning cities 01),Urban Planning,Urban Simulators},
title = {{Capturing the impact of navigational app usage on road traffic from a gametheory point of view}},
url = {http://www2.eecs.berkeley.edu/Pubs/TechRpts/2019/EECS-2019-83.html},
year = {2019}
}
@article{Caceres2007,
author = {Caceres, N and Wideberg, J P and Benitez, F G},
doi = {10.1049/iet-its:20060020},
issn = {1751956X},
journal = {IET Intelligent Transport Systems},
mendeley-groups = {Urban Simulators/paper BCN (pruning cities 01)},
number = {1},
pages = {15--26},
title = {{Deriving origin-destination data from a mobile phone network}},
volume = {1},
year = {2007}
}
@article{Caceres2020,
author = {C{\'{a}}ceres, Noelia and Romero, L. M. and Benitez, Francisco G.},
doi = {10.1080/23249935.2020.1720857},
issn = {23249943},
journal = {Transportmetrica A: Transport Science},
keywords = {Mobile phone data,OD matrices,household travel surveys},
mendeley-groups = {Urban Simulators/paper BCN (pruning cities 01)},
month = {jan},
number = {3},
pages = {574--601},
publisher = {Taylor \& Francis},
title = {{Exploring strengths and weaknesses of mobility inference from mobile phone data vs. travel surveys}},
url = {https://www.tandfonline.com/doi/abs/10.1080/23249935.2020.1720857},
volume = {16},
year = {2020}
}
@inproceedings{Caiati2016,
address = {Trento},
author = {Caiati, Valeria and Bedogni, Luca and Bononi, Luciano and Ferrero, Francesco and Fiore, Marco and Vesco, Andrea},
booktitle = {Proceedings of the 2016 IEEE International Smart Cities Conference (ISC2) (ISC2 2016)},
doi = {10.1109/isc2.2016.7580765},
mendeley-groups = {Urban Simulators/paper BCN (pruning cities 01)},
month = {oct},
pages = {1--8},
publisher = {Institute of Electrical and Electronics Engineers (IEEE)},
title = {{Estimating urban mobility with open data: A case study in Bologna}},
year = {2016}
}
@article{Cairns2002,
author = {Cairns, Sally and Atkins, S. and Goodwin, P. and Bayliss, D.},
doi = {10.1680/muen.2002.151.1.13},
issn = {09650903},
journal = {Proceedings of the Institution of Civil Engineers: Municipal Engineer},
keywords = {Town and city planning,Transport planning,Urban environment},
mendeley-groups = {Urban Planning,Urban Simulators/paper BCN (pruning cities 01),Urban Simulators},
month = {mar},
number = {1},
pages = {13--22},
publisher = {ICE Publishing},
title = {{Disappearing traffic? The story so far}},
url = {http://www.icevirtuallibrary.com/doi/10.1680/muen.2002.151.1.13},
volume = {151},
year = {2002}
}
@techreport{Calvet2020,
address = {Barcelona},
author = {Calvet, Francesc and Torre, Marga},
institution = {Autoritat del Transport Metropolit{\`{a}}. Departamento de Territorio y Sostenibilidad. Generalitat de Catalunya.},
mendeley-groups = {Urban Simulators/paper BCN (pruning cities 01)},
title = {{Obtenci{\'{o}} de matrius origen-Destinaci{\'{o}} (OD) a partir de dades de telefonia m{\`{o}}bil. M2019}},
url = {https://web.archive.org/web/20200829192615/https://territori.gencat.cat/ca/detalls/Article/ATM-Obtencio-de-matrius-origen-destinacio-OD-a-partir-de-dades-de-telefonia-mobil https://territori.gencat.cat/es/detalls/Article/ATM-Obtencio-de-matrius-origen-Des},
year = {2020}
}
@incollection{Casas2010,
author = {Casas, Jordi and Ferrer, Jaime L. and Garcia, David and Perarnau, Josep and Torday, Alex},
booktitle = {International Series in Operations Research and Management Science},
doi = {10.1007/978-1-4419-6142-6_5},
issn = {08848289},
mendeley-groups = {Urban Simulators/paper BCN (pruning cities 01)},
pages = {173--232},
publisher = {Springer New York LLC},
title = {{Traffic simulation with Aimsun}},
url = {https://link.springer.com/chapter/10.1007/978-1-4419-6142-6_5},
volume = {145},
year = {2010}
}
@book{Cascetta2001,
author = {Cascetta, Ennio},
isbn = {0792367928},
mendeley-groups = {Urban Simulators/paper BCN (pruning cities 01)},
title = {{Transportation Systems Engineering: Theory and Methods}},
url = {http://link.springer.com/10.1007/978-1-4757-6873-2%5Cnhttp://books.google.com/books?hl=es&lr=&id=LPNDwgamn08C&pgis=1},
volume = {49},
year = {2001}
}
@inproceedings{Cascetta1996,
author = {Cascetta, Ennio and Nuzzolo, Agostino and Russo, Francesco and A., Vitetta},
booktitle = {Transportation \& Traffic Theory: 13th International Symposium on Transportation \& Traffic Theory},
mendeley-groups = {Urban Simulators/paper BCN (pruning cities 01)},
publisher = {Elsevier},
title = {{A modified Logit Route Choice Model Overcoming Path Overlapping Problems. Specification and Some Calibration Results}},
year = {1996}
}
@inproceedings{Certicky2015,
author = {{\v{C}}ertick{\'{y}}, Michal and Drchal, Jan and Cuch{\'{y}}, Marek and Jakob, Michal},
booktitle = {2015 International Conference on Models and Technologies for Intelligent Transportation Systems, MT-ITS 2015},
doi = {10.1109/MTITS.2015.7223261},
isbn = {9789633131428},
keywords = {activity-based modelling,agent-based simulation,mobility,modelling,simulation,transport},
mendeley-groups = {Urban Simulators,Urban Simulators/paper BCN (pruning cities 01),Urban Planning,CoCi},
month = {aug},
pages = {229--236},
publisher = {Institute of Electrical and Electronics Engineers Inc.},
title = {{Fully agent-based simulation model of multimodal mobility in European cities}},
year = {2015}
}
@unpublished{Charypar2008,
address = {Zurich},
author = {Charypar, David and Balmer, Michael and Axhausen, Kay W},
doi = {10.3929/ethz-a-005652298},
institution = {IVT (Institute for Transport Planning and Systems). ETH Z{\"{u}}rich.},
mendeley-groups = {Urban Simulators/paper BCN (pruning cities 01),Digital Twins,Urban Simulators},
series = {Transport and Spatial Planning},
title = {{A high-performance traffic flow microsimulation for large problems}},
url = {https://doi.org/10.3929/ethz-a-005652298},
year = {2008}
}
@article{Chung2012,
author = {Chung, Jin Hyuk and {Yeon Hwang}, Kee and {Kyung Bae}, Yun},
doi = {10.1016/j.tranpol.2012.01.009},
issn = {0967070X},
journal = {Transport Policy},
keywords = {Cheonggyecheon stream restoration,Monitoring,Road capacity reduction,Self-compliance,Travel behavior},
mendeley-groups = {Computational Design,Urban Planning,Urban Simulators/paper BCN (pruning cities 01),Urban Simulators},
month = {may},
pages = {165--178},
publisher = {Pergamon},
title = {{The loss of road capacity and self-compliance: Lessons from the Cheonggyecheon stream restoration}},
volume = {21},
year = {2012}
}
@article{Ciuffo2008,
author = {Ciuffo, Biagio and Punzo, Vincenzo and Torrieri, Vincenzo},
doi = {10.3141/2088-05},
issn = {03611981},
journal = {Transportation Research Record},
mendeley-groups = {Urban Simulators/paper BCN (pruning cities 01)},
month = {jan},
number = {2088},
pages = {36--44},
publisher = {SAGE PublicationsSage CA: Los Angeles, CA},
title = {{Comparison of simulation-based and model-based calibrations of traffic-flow microsimulation models}},
url = {https://journals.sagepub.com/doi/10.3141/2088-05},
year = {2008}
}
@article{Codeca2017,
author = {Codec{\'{a}}, Lara and Frank, Raphael and Faye, Sebastien and Engel, Thomas},
doi = {10.1109/MITS.2017.2666585},
issn = {19411197},
journal = {IEEE Intelligent Transportation Systems Magazine},
mendeley-groups = {Urban Simulators/paper BCN (pruning cities 01)},
number = {2},
pages = {52--63},
title = {{Luxembourg SUMO Traffic (LuST) Scenario: Traffic Demand Evaluation}},
volume = {9},
year = {2017}
}
@inproceedings{Codeca2018a,
author = {Codec{\'{a}}, Lara and Harri, Jerome},
booktitle = {IEEE Vehicular Networking Conference, VNC},
doi = {10.1109/VNC.2017.8275627},
isbn = {9781538609866},
issn = {21579865},
mendeley-groups = {Urban Simulators/paper BCN (pruning cities 01)},
month = {jan},
pages = {97--100},
publisher = {IEEE Computer Society},
title = {{Towards multimodal mobility simulation of C-ITS: The Monaco SUMO traffic scenario}},
volume = {2018-Janua},
year = {2018}
}
@article{Codeca2018,
author = {Codec{\'{a}}, Lara and H{\"{a}}rri, J{\'{e}}r{\^{o}}me},
doi = {10.29007/1zt5},
journal = {EPiC Series in Engineering},
keywords = {3d traffic scenario,cooperative intelligent,intermodal transport planning,transportation systems},
mendeley-groups = {Urban Simulators/paper BCN (pruning cities 01)},
pages = {43--29},
title = {{Monaco SUMO Traffic (MoST) Scenario: A 3D Mobility Scenario for Cooperative ITS}},
volume = {2},
year = {2018}
}
@article{Colombo2016,
author = {Colombo, Rinaldo M. and Holden, Helge},
doi = {10.1007/s10957-015-0729-5},
issn = {15732878},
journal = {Journal of Optimization Theory and Applications},
keywords = {Braess paradox,Control theory,Hyperbolic conservation laws,Nash optimum,Traffic dynamics},
mendeley-groups = {Urban Simulators/paper BCN (pruning cities 01)},
month = {jan},
number = {1},
pages = {216--230},
publisher = {Springer New York LLC},
title = {{On the Braess Paradox with Nonlinear Dynamics and Control Theory}},
url = {https://link.springer.com/article/10.1007/s10957-015-0729-5},
volume = {168},
year = {2016}
}
@article{Colombo2020,
author = {Colombo, Rinaldo M. and Holden, Helge and Marcellini, Francesca},
doi = {10.1137/19M1270896},
issn = {00361399},
journal = {SIAM Journal on Applied Mathematics},
keywords = {91b74,91d10,Braess paradox,Follow-the-leader model,Nash equilibria ams subject classifications. 90b20,Networks,Vehicular traffic},
mendeley-groups = {Urban Simulators/paper BCN (pruning cities 01)},
month = {jun},
number = {3},
pages = {1377--1391},
publisher = {Society for Industrial and Applied Mathematics Publications},
title = {{On the Mircoscopic Modeling of Vehicular Traffic on General Networks}},
url = {https://doi.org/10.1137/19M1270896},
volume = {80},
year = {2020}
}
@article{Craig2016,
author = {Craig, Benjamin Rafter and Box, Simon},
journal = {5th Symp. Eur. Assoc. Res. Transp.},
keywords = {Autonomous vehicles,driver characteristics,intelligent transport systems},
mendeley-groups = {Urban Simulators/paper BCN (pruning cities 01)},
number = {September 2016},
title = {{Investigating the effects of mixed driver reaction times in the transport network}},
url = {https://eprints.soton.ac.uk/414451/},
year = {2016}
}
@article{Crane2000,
author = {Crane, Randall},
doi = {10.1177/08854120022092890},
issn = {0885-4122},
journal = {Journal of Planning Literature},
mendeley-groups = {Urban Planning,to be read,Urban Simulators/paper BCN (pruning cities 01),Policy},
month = {aug},
number = {1},
pages = {3--23},
publisher = {SAGE Publications Inc.},
title = {{The Influence of Urban Form on Travel: An Interpretive Review}},
url = {http://journals.sagepub.com/doi/10.1177/08854120022092890},
volume = {15},
year = {2000}
}
@article{Dafermos1984,
author = {Dafermos, Stella and Nagurney, Anna},
doi = {10.1016/0191-2615(84)90023-7},
issn = {01912615},
journal = {Transportation Research Part B},
mendeley-groups = {Urban Simulators/paper BCN (pruning cities 01)},
month = {apr},
number = {2},
pages = {101--110},
publisher = {Pergamon},
title = {{On some traffic equilibrium theory paradoxes}},
volume = {18},
year = {1984}
}
@article{Daganzo1977,
author = {Daganzo, Carlos F. and Sheffi, Yosef},
doi = {10.1287/trsc.11.3.253},
issn = {0041-1655},
journal = {Transportation Science},
mendeley-groups = {Urban Simulators/paper BCN (pruning cities 01)},
month = {aug},
number = {3},
pages = {253--274},
publisher = {INFORMS},
title = {{On Stochastic Models of Traffic Assignment}},
url = {https://pubsonline.informs.org/doi/abs/10.1287/trsc.11.3.253 https://pubsonline.informs.org/doi/10.1287/trsc.11.3.253},
volume = {11},
year = {1977}
}
@article{Dambeck2020,
author = {Dambeck, Holger and Stotz, Patrick},
journal = {Die Spiegel},
mendeley-groups = {Urban Simulators/paper BCN (pruning cities 01),Urban Planning,Urban Simulators},
title = {{Deutschland verpasst die Verkehrswende}},
url = {https://www.spiegel.de/auto/paris-und-barcelona-schlagen-berlin-datenanalyse-von-sechs-verkehrswende-projekten-a-031c2766-f599-4794-996f-ce947c370d20},
year = {2020}
}
@article{DeDomenico2015,
author = {{De Domenico}, Manlio and Lima, Antonio and Gonz{\'{a}}lez, Marta C. and Arenas, Alex},
doi = {10.1140/epjds/s13688-015-0038-0},
issn = {21931127},
journal = {EPJ Data Science},
keywords = {Big data,Collective behavior,Personalized routing,Potential energy landscape,Smart city},
mendeley-groups = {Urban Simulators,to be read,Urban Planning,Urban Simulators/paper BCN (pruning cities 01)},
month = {dec},
number = {1},
pages = {1--11},
publisher = {SpringerOpen},
title = {{Personalized routing for multitudes in smart cities}},
url = {http://www.epjdatascience.com/content/4/1/1},
volume = {4},
year = {2015}
}
@techreport{DepartamentdAnalisiOficinaMunicipaldeDades.AjuntamentdeBarcelona2020,
address = {Barcelona},
author = {{Departament d'An{\`{a}}lisi Oficina Municipal de Dades. Ajuntament de Barcelona}},
institution = {Ajuntament de Barcelona},
mendeley-groups = {Urban Simulators/paper BCN (pruning cities 01)},
title = {{La conjuntura econ{\`{o}}mica de Barcelona. Eixample}},
url = {http://www.bcn.cat/estadistica/castella/documents/districtes/02_Eixample_2020.pdf},
year = {2020}
}
@techreport{DepartmentforTransportUKGovernment2020,
address = {London, UK},
author = {{Department for Transport (UK Government)}},
institution = {Department for Transport. Transport Appraisal and Strategic Modelling (TASM) Division},
keywords = {DfT TAG,Highway Assignment Modelling,TAG UNIT M3.1,TAG UNIT M3.1 Highway Assignment Modelling},
mendeley-groups = {Urban Simulators/paper BCN (pruning cities 01)},
title = {{TAG UNIT M3.1 Highway Assignment Modelling}},
url = {https://www.gov.uk/transport-analysis-guidance-tag},
year = {2020}
}
@inproceedings{Diallo2021,
author = {Diallo, Azise Oumar and Lozenguez, Guillaume and Doniec, Arnaud and Mandiau, Ren{\'{e}}},
booktitle = {ICAART 2021 - Proceedings of the 13th International Conference on Agents and Artificial Intelligence},
doi = {10.5220/0010238302650272},
isbn = {9789897584848},
keywords = {Agent-based modeling,Intermodality,Traffic simulator},
mendeley-groups = {Urban Simulators/paper BCN (pruning cities 01)},
pages = {265--272},
title = {{Comparative evaluation of road traffic simulators based on modeler's specifications: An application to intermodal mobility behaviors}},
volume = {1},
year = {2021}
}
@article{Dijkstra1959,
author = {Dijkstra, E. W.},
doi = {10.1007/BF01386390},
issn = {0029599X},
journal = {Numerische Mathematik},
keywords = {Mathematical Methods in Physics,Mathematical and Computational Engineering,Mathematical and Computational Physics,Mathematics,Numerical Analysis,Numerical and Computational Physics,Simulation,Theoretical,general},
mendeley-groups = {Urban Simulators/paper BCN (pruning cities 01)},
month = {dec},
number = {1},
pages = {269--271},
publisher = {Springer-Verlag},
title = {{A note on two problems in connexion with graphs}},
url = {https://link.springer.com/article/10.1007/BF01386390},
volume = {1},
year = {1959}
}
@inproceedings{Dingil2018,
author = {Dingil, Ali Enes and Schweizer, Joerg and Rupi, Federico and Stasiskiene, Zaneta},
booktitle = {SUMO 2018- Simulating Autonomous and Intermodal Transport Systems},
doi = {10.29007/t7pk},
mendeley-groups = {Urban Simulators/paper BCN (pruning cities 01)},
month = {jun},
pages = {111--103},
publisher = {EasyChair},
title = {{Road network extraction with OSMNx and SUMOPy}},
volume = {2},
year = {2018}
}
@techreport{Dowling2004,
address = {Washington D.C., USA},
author = {Dowling, Richard and Skabardonis, Alexander and Alexiadis, Vassili},
institution = {US Department of Transportation. Federal Highway Administration},
mendeley-groups = {Urban Simulators/paper BCN (pruning cities 01)},
title = {{Traffic Analysis Toolbox Volume III: Guidelines for Applying Traffic Microsimulation Modeling Software}},
url = {https://ops.fhwa.dot.gov/trafficanalysistools/tat_vol3/Vol3_Guidelines.pdf},
year = {2004}
}
@article{Dumont2006,
author = {Dumont, A G and Bert, E},
journal = {Technical report, Laboratoire des voies de circulation, ENAC, Ecole Polytechnique F{\'{e}}d{\'{e}}rale de Lausanne, Lausanne, Switzerland},
mendeley-groups = {Urban Simulators/paper BCN (pruning cities 01),Digital Twins,Urban Simulators},
title = {{Simulation de l'agglom{\'{e}}ration Lausannoise SIMLO}},
year = {2006}
}
@techreport{Echave2015,
address = {Barcelona},
author = {Echave, Cynthia and Abadal, Jordi and Argomedo, David Andr{\'{e}}s and Cormenzana, Berta and Currelli, Alessandra and Gesell, Cristian and Gonz{\'{a}}lez, Erundina and L{\'{o}}pez, Elisabet and Mat{\'{e}}, Carmen and Morat{\'{o}}, Mois{\`{e}}s and Pont, Xavier and Rey, Norma and Sanchis, Ferran and Subias, Annabel and Vidal, Mercedes and Vila, Marta and Velazquez, Irene and Luque, Montserrat},
institution = {Ajuntament de Barcelona. BCNEcologia.},
mendeley-groups = {Urban Planning,to be read,Urban Simulators/paper BCN (pruning cities 01)},
title = {{{\`{A}}mbit Pilot de Superilles. Districte de Sant Mart{\'{i}}. Barri del Poblenou. Informe Diagn{\`{o}}stic.}},
url = {https://ajuntament.barcelona.cat/superilles/es/superilla/sant-marti},
year = {2015}
}
@inproceedings{Erath2012,
author = {Erath, Alex and Eggermond, Michael Van and Ord{\'{o}}{\~{n}}ez, Sergio and Axhausen, Kay and Fourie, Pieter},
booktitle = {International Conference on Travel Behaviour Research},
doi = {10.3929/ethz-b-000306926},
keywords = {Arbeitsbericht Verkehrs- und Raumplanung 790},
mendeley-groups = {Urban Simulators/paper BCN (pruning cities 01),Data Analytics for Urban Design},
number = {June},
title = {{Large-scale agent-based transport travel demand model for Singapore}},
url = {https://doi.org/10.3929/ethz-b-000306926},
year = {2012}
}
@misc{Erdmann2018,
author = {Erdmann, Jakob},
mendeley-groups = {Urban Simulators/paper BCN (pruning cities 01)},
title = {{Re: [sumo-dev] [sumo-user] latAlignment: what is the difference between compact, nice, and arbitrary?}},
url = {https://www.mail-archive.com/sumo-dev@eclipse.org/msg00158.html},
year = {2018}
}
@inproceedings{Erdmann2015,
address = {Cham, Switzerland},
author = {Erdmann, Jakob},
booktitle = {Modeling Mobility with Open Data. 2nd SUMO Conference 2014 Berlin, Germany, May 15-16, 2014. Lecture Notes in Mobility},
doi = {10.1007/978-3-319-15024-6_7},
editor = {Behrisch, Michael and Weber, Melanie},
isbn = {9783319150239},
issn = {01708643},
keywords = {Lane changing,Microscopic simulation},
mendeley-groups = {Urban Simulators/paper BCN (pruning cities 01)},
pages = {105--123},
publisher = {Springer International Publishing},
title = {{SUMO's Lane-changing model}},
url = {https://link.springer.com/chapter/10.1007/978-3-319-15024-6_7},
volume = {13},
year = {2015}
}
@article{Eriksson2019,
author = {Eriksson, Kimmo and Eliasson, Jonas},
doi = {10.1080/0025570X.2019.1571375},
issn = {19300980},
journal = {Mathematics Magazine},
keywords = {MSC: Primary 91A43},
mendeley-groups = {Urban Simulators/paper BCN (pruning cities 01)},
month = {may},
number = {3},
pages = {213--221},
publisher = {Taylor and Francis Inc.},
title = {{The Chicken Braess Paradox}},
volume = {92},
year = {2019}
}
@misc{Errandonea2020,
author = {Errandonea, Itxaro and Beltr{\'{a}}n, Sergio and Arrizabalaga, Saioa},
booktitle = {Computers in Industry},
doi = {10.1016/j.compind.2020.103316},
issn = {01663615},
keywords = {Decision support systems,Digital twin,Information system,Knowledge support system,Smart maintenance},
mendeley-groups = {Urban Simulators/paper BCN (pruning cities 01)},
month = {dec},
pages = {103316},
publisher = {Elsevier},
title = {{Digital Twin for maintenance: A literature review}},
volume = {123},
year = {2020}
}
@misc{EuropeanCommission2019,
author = {{European Commission}},
booktitle = {EIP-SCC news. Smart Cities Marketplace},
mendeley-groups = {Urban Simulators/paper BCN (pruning cities 01),Data Analytics for Urban Design},
title = {{Rotterdam's Digital Twin Redefines Our Physical, Digital, \& Social Worlds}},
url = {https://smart-cities-marketplace.ec.europa.eu/news-and-events/news/2019/rotterdams-digital-twin-redefines-our-physical-digital-social-worlds https://eu-smartcities.eu/news/rotterdams-digital-twin-redefines-our-physical-digital-social-worlds},
urldate = {2021-08-04},
year = {2019}
}
@book{Ewing2013,
author = {Ewing, Reid and Clemente, Otto},
booktitle = {Measuring Urban Design: Metrics for Livable Places},
doi = {10.5822/978-1-61091-209-9},
isbn = {9781610912099},
keywords = {Columbia's Built Environment and Health (BEH) grou,Complexity,D variables,Human scale,Imageability,Legibility,Linkage,Maryland Inventory of Urban Design Qualities (MIUD,Perceptual qualities,Robert Wood Johnson Active Living Research (ALR),Sidewalk connection,Tidiness,Transparency,Visual enclosure,Visual preference survey},
mendeley-groups = {Urban Planning,to be read,Urban Simulators/paper BCN (pruning cities 01),Policy},
month = {jan},
pages = {1--183},
publisher = {Island Press-Center for Resource Economics},
title = {{Measuring urban design: Metrics for livable places}},
year = {2013}
}
@article{Fan2020,
author = {Fan, Changjun and Zeng, Li and Feng, Yanghe and Cheng, Guangquan and Huang, Jincai and Liu, Zhong},
doi = {10.1007/s13042-020-01104-8},
issn = {1868-8071},
journal = {International Journal of Machine Learning and Cybernetics},
keywords = {Graph embedding,Network dismantling,Reinforcement learning},
mendeley-groups = {to be read,Urban Simulators/paper BCN (pruning cities 01)},
month = {sep},
number = {9},
pages = {2101--2111},
publisher = {Springer},
title = {{A novel learning-based approach for efficient dismantling of networks}},
url = {https://doi.org/10.1007/s13042-020-01104-8 http://link.springer.com/10.1007/s13042-020-01104-8},
volume = {11},
year = {2020}
}
@misc{Ferragutcasas2007,
author = {Ferragutcasas, N. and Larra{\~{n}}eta, A.},
booktitle = {20 minutos},
mendeley-groups = {Urban Simulators/paper BCN (pruning cities 01)},
month = {mar},
title = {{Los nuevos coches ya no caben en un garaje medio}},
url = {https://www.20minutos.es/noticia/213471/0/nuevos/coches/garaje/},
year = {2007}
}
@misc{Fomby2008,
author = {Fomby, Tom},
mendeley-groups = {Urban Simulators/paper BCN (pruning cities 01)},
title = {{Scoring Measures for Prediction Problems}},
url = {http://faculty.smu.edu/tfomby/eco5385_eco6380/lecture/Scoring Measures for Prediction Problems.pdf},
year = {2008}
}

@book{Forrester1969,
address = {Portland},
author = {Forrester, Jay Wright},
isbn = {1883823390},
mendeley-groups = {MSCD,Urban Simulators/paper BCN (pruning cities 01)},
pages = {285},
publisher = {Productivity Press},
title = {{Urban dynamics}},
year = {1969}
}

@article{Francisco2020,
author = {Francisco, Abigail and Mohammadi, Neda and Taylor, John E},
doi = {10.1061/(asce)me.1943-5479.0000741},
issn = {0742-597X},
journal = {Journal of Management in Engineering},
keywords = {Building energy benchmarking,Commercial buildings,Community energy-efficiency,Digital twin,Energy management,Smart city},
mendeley-groups = {Urban Simulators/paper BCN (pruning cities 01)},
month = {nov},
number = {2},
pages = {04019045},
publisher = {American Society of Civil Engineers},
title = {{Smart City Digital Twin–Enabled Energy Management: Toward Real-Time Urban Building Energy Benchmarking}},
url = {https://ascelibrary.org/doi/abs/10.1061/%28ASCE%29ME.1943-5479.0000741},
volume = {36},
year = {2020}
}
@article{Frank1981,
author = {Frank, Marguerite},
doi = {10.1007/BF01589354},
issn = {00255610},
journal = {Mathematical Programming},
keywords = {Assignment Problem,Descriptive Solution,Transportation Network,User Optimization},
mendeley-groups = {Urban Simulators/paper BCN (pruning cities 01)},
month = {dec},
number = {1},
pages = {283--302},
publisher = {Springer-Verlag},
title = {{The Braess paradox}},
url = {https://link.springer.com/article/10.1007/BF01589354},
volume = {20},
year = {1981}
}
@techreport{Frey2020,
address = {Vienna},
author = {Frey, H and Graser, A and Leth, U and Lorenz, F and Millonig, A and M{\"{u}}ller, J and Richter, G and Rudloff, C and Sandholzer, F and Wieser, G},
institution = {Bundesministerium f{\"{u}}r Klimaschutz, Umwelt, Energie, Mobilit{\"{a}}t, Innovation und Technologie (BMK) (Austria)},
mendeley-groups = {Urban Planning,Urban Simulators,Simulations and Crowds,Urban Simulators/paper BCN (pruning cities 01)},
title = {{Potenziale von Superblock-Konzepten als Beitrag zur Planung energieeffizienter Stadtquartiere. SUPERBE}},
url = {http://www.nachhaltigwirtschaften.at},
year = {2020}
}
@article{Friedrich2019,
author = {Friedrich, Markus and Pestel, Eric and Schiller, Christian and Simon, Robert},
doi = {10.1177/0361198119838849},
issn = {21694052},
journal = {Transportation Research Record},
mendeley-groups = {Urban Simulators/paper BCN (pruning cities 01)},
month = {mar},
number = {4},
pages = {722--732},
publisher = {SAGE PublicationsSage CA: Los Angeles, CA},
title = {{Scalable GEH: A Quality Measure for Comparing Observed and Modeled Single Values in a Travel Demand Model Validation}},
url = {https://journals.sagepub.com/doi/10.1177/0361198119838849},
volume = {2673},
year = {2019}
}
@article{Friesz1993,
author = {Friesz, Terry L. and Bernstein, David and Smith, Tony E. and Tobin, Roger L. and Wie, B. W.},
doi = {10.1287/opre.41.1.179},
issn = {0030364X},
journal = {Operations Research},
keywords = {network,networks/graphs: theory,programming: infinite-dimensional,transportation: models},
mendeley-groups = {Urban Simulators/paper BCN (pruning cities 01)},
month = {feb},
number = {1},
pages = {179--191},
publisher = {INFORMS},
title = {{Variational inequality formulation of the dynamic network user equilibrium problem}},
url = {https://pubsonline.informs.org/doi/abs/10.1287/opre.41.1.179},
volume = {41},
year = {1993}
}
@article{Fuller2020,
archivePrefix = {arXiv},
arxivId = {1911.01276},
author = {Fuller, Aidan and Fan, Zhong and Day, Charles and Barlow, Chris},
doi = {10.1109/ACCESS.2020.2998358},
eprint = {1911.01276},
issn = {21693536},
journal = {IEEE Access},
keywords = {Digital twins,Internet of Things (IoT),applications,deep learning,enabling technologies,industrial Internet of Things (IIoT),literature review,machine learning},
mendeley-groups = {Urban Simulators/paper BCN (pruning cities 01)},
pages = {108952--108971},
publisher = {Institute of Electrical and Electronics Engineers Inc.},
title = {{Digital Twin: Enabling Technologies, Challenges and Open Research}},
volume = {8},
year = {2020}
}
@techreport{GarciaCantuRos2016,
address = {Madrid, Barcelona, Spain},
author = {{Garc{\'{i}}a Cant{\'{u}} Ros}, Oliva and Bassolas, Aleix and Tugores, Antonia},
institution = {INSIGHT},
mendeley-groups = {Urban Planning,Simulations and Crowds,Urban Simulators,Urban Simulators/paper BCN (pruning cities 01)},
title = {{Barcelona Case Study}},
year = {2016}
}
@article{Gawron1998,
author = {Gawron, C},
journal = {International Journal of Modern Physics C},
keywords = {dynamic traffic assignment,dynamic user equilibrium,traffic simulation},
mendeley-groups = {Urban Simulators/paper BCN (pruning cities 01)},
number = {3},
pages = {393--407},
publisher = {World Scientific Publishing Company},
title = {{An Iterative Algorithm To Determine the Dynamic User Equilibrium in a Traffic Simulation Model}},
volume = {9},
year = {1998}
}
@phdthesis{Gawron1999,
author = {Gawron, Christian},
mendeley-groups = {Urban Simulators/paper BCN (pruning cities 01)},
school = {Universit{\"{a}}t zu K{\"{o}}ln},
title = {{Simulation-based traffic assignment: Computing user equilibria in large street networks}},
type = {PhD dissertation},
year = {1999}
}
@inproceedings{Geisberger2008,
address = {Berlin/Heidelberg},
author = {Geisberger, Robert and Sanders, Peter and Schultes, Dominik and Delling, Daniel},
booktitle = {7th International Workshop, WEA 2008. Experimental Algorithms. Provincetown, MA, USA, May 30-June 1, 2008. Lecture notes in Computer Science},
doi = {10.1007/978-3-540-68552-4_24},
editor = {McGeoch, Catherine C.},
isbn = {3540685480},
issn = {03029743},
mendeley-groups = {Urban Simulators/paper BCN (pruning cities 01)},
pages = {319--333},
publisher = {Springer},
title = {{Contraction hierarchies: Faster and simpler hierarchical routing in road networks}},
url = {https://link.springer.com/chapter/10.1007/978-3-540-68552-4_24},
volume = {5038},
year = {2008}
}

@misc{GermanAerospaceCenterDLRandothers2021teleporting,
author = {{German Aerospace Center (DLR) and others}},
mendeley-groups = {Urban Simulators/paper BCN (pruning cities 01)},
title = {{Why Vehicles are teleporting - SUMO Documentation}},
url = {https://sumo.dlr.de/docs/Simulation/Why_Vehicles_are_teleporting.html},
urldate = {2021-08-06},
year = {2021}
}

@misc{GermanAerospaceCenterDLRandothers2021,
author = {{German Aerospace Center (DLR) and others}},
mendeley-groups = {Urban Simulators/paper BCN (pruning cities 01)},
title = {{Routes - SUMO Documentation}},
url = {https://sumo.dlr.de/docs/Tools/Routes.html},
urldate = {2021-08-06},
year = {2021}
}
@misc{GermanAerospaceCenterDLRandothers2021a,
author = {{German Aerospace Center (DLR) and others}},
mendeley-groups = {Urban Simulators/paper BCN (pruning cities 01)},
title = {{duarouter - SUMO Documentation}},
url = {https://sumo.dlr.de/docs/duarouter.html},
urldate = {2021-08-06},
year = {2021}
}
@misc{GermanAerospaceCenterDLRandothers2021b,
author = {{German Aerospace Center (DLR) and others}},
mendeley-groups = {Urban Simulators/paper BCN (pruning cities 01)},
title = {{od2trips - SUMO Documentation}},
url = {https://sumo.dlr.de/docs/od2trips.html},
urldate = {2021-08-06},
year = {2021}
}
@misc{GermanAerospaceCenterDLRandOthers2021,
author = {{German Aerospace Center (DLR) and Others}},
mendeley-groups = {Urban Simulators/paper BCN (pruning cities 01)},
title = {{District - SUMO Documentation}},
url = {https://sumo.dlr.de/docs/Tools/District.html},
urldate = {2021-08-05},
year = {2021}
}
@misc{GermanAerospaceCenterDLRandothers2021c,
author = {{German Aerospace Center (DLR) and others}},
mendeley-groups = {Urban Simulators/paper BCN (pruning cities 01)},
title = {{netedit - SUMO Documentation}},
url = {https://sumo.dlr.de/docs/Netedit/index.html},
urldate = {2021-08-05},
year = {2021}
}
@misc{GermanAerospaceCenterDLRandothers2021d,
author = {{German Aerospace Center (DLR) and others}},
mendeley-groups = {Urban Simulators/paper BCN (pruning cities 01)},
title = {{netconvert - SUMO Documentation}},
url = {https://sumo.dlr.de/docs/netconvert.html},
urldate = {2021-08-05},
year = {2021}
}
@misc{GermanAerospaceCenterDLRandothers2021e,
author = {{German Aerospace Center (DLR) and others}},
mendeley-groups = {Urban Simulators/paper BCN (pruning cities 01)},
title = {{Dynamic User Assignment - SUMO Documentation}},
url = {https://sumo.dlr.de/docs/Demand/Dynamic_User_Assignment.html},
urldate = {2021-05-02},
year = {2021}
}
@article{Geroliminis2008,
author = {Geroliminis, Nikolas and Daganzo, Carlos F.},
doi = {10.1016/j.trb.2008.02.002},
issn = {01912615},
journal = {Transportation Research Part B: Methodological},
keywords = {Macroscopic fundamental diagram,Traffic congestion,Urban mobility},
mendeley-groups = {Urban Planning,Simulations and Crowds,Urban Simulators,Urban Simulators/paper BCN (pruning cities 01)},
month = {nov},
number = {9},
pages = {759--770},
publisher = {Elsevier Ltd},
title = {{Existence of urban-scale macroscopic fundamental diagrams: Some experimental findings}},
volume = {42},
year = {2008}
}

@article{Gershenson2013,
archivePrefix = {arXiv},
arxivId = {1111.3659},
author = {Gershenson, Carlos},
doi = {10.1162/artl_a_00112},
eprint = {1111.3659},
issn = {1064-5462},
journal = {Artificial Life},
keywords = {Living technology,adaptation,learning,robustness,self-organization,urbanism},
mendeley-groups = {Urban Planning,Policy,Digital Democracy-COSS,CoCi,Urban Simulators/paper BCN (pruning cities 01)},
month = {oct},
number = {3_4},
pages = {401--420},
publisher = {MIT Press - Journals},
title = {{Living in Living Cities}},
url = {http://turing.iimas.unam.mx/$\sim$cgg},
volume = {19},
year = {2013}
}

@article{Gershenson2015,
archivePrefix = {arXiv},
arxivId = {1506.06796},
author = {Gershenson, Carlos and Helbing, Dirk},
doi = {10.1002/cplx.21736},
eprint = {1506.06796},
issn = {10762787},
journal = {Complexity},
keywords = {Cascading effects,Collective motion,Evolution,Phase transitions},
mendeley-groups = {Urban Simulators/paper BCN (pruning cities 01),Policy},
month = {nov},
number = {2},
pages = {9--15},
title = {{When slower is faster}},
url = {https://onlinelibrary.wiley.com/doi/10.1002/cplx.21736},
volume = {21},
year = {2015}
}
@misc{GoogleInc.2021,
author = {{Google Inc.}},
mendeley-groups = {Urban Simulators/paper BCN (pruning cities 01)},
publisher = {Google},
title = {{Street View}},
url = {www.google.com/streetview},
year = {2021}
}
@misc{GovernmentofSingapore2018,
address = {Singapore},
author = {{Government of Singapore}},
mendeley-groups = {Urban Simulators/paper BCN (pruning cities 01),Data Analytics for Urban Design},
title = {{Virtual Singapore}},
url = {https://www.nrf.gov.sg/programmes/virtual-singapore},
year = {2018}
}

@misc{GrabHoldings2021,
author = {{Grab Holdings}},
mendeley-groups = {Urban Simulators/paper BCN (pruning cities 01)},
title = {{OpenStreetCam (KartaView) for the Area of Barcelona. Photo Overlay Data Available for OpenStreetMap}},
url = {https://www.openstreetmap.org/edit},
year = {2021}
}


@article{Grieves2014,
author = {Grieves, Michael},
journal = {White Paper},
keywords = {Grieves},
mendeley-groups = {Urban Simulators/paper BCN (pruning cities 01),Digital Twins},
number = {March},
pages = {1--7},
title = {{Digital Twin : Manufacturing Excellence through Virtual Factory Replication}},
url = {https://www.researchgate.net/publication/275211047_Digital_Twin_Manufacturing_Excellence_through_Virtual_Factory_Replication},
year = {2014}
}
@incollection{Grieves2016,
author = {Grieves, Michael and Vickers, John},
booktitle = {Transdisciplinary Perspectives on Complex Systems: New Findings and Approaches},
doi = {10.1007/978-3-319-38756-7_4},
isbn = {9783319387567},
mendeley-groups = {Urban Simulators/paper BCN (pruning cities 01),Digital Twins},
month = {jan},
pages = {85--113},
publisher = {Springer, Cham},
title = {{Digital twin: Mitigating unpredictable, undesirable emergent behavior in complex systems}},
url = {https://link.springer.com/chapter/10.1007/978-3-319-38756-7_4},
year = {2016}
}
@inproceedings{Gueriau2020,
author = {Gu{\'{e}}riau, Maxime and Dusparic, Ivana},
booktitle = {2020 IEEE 23rd International Conference on Intelligent Transportation Systems, ITSC 2020},
doi = {10.1109/ITSC45102.2020.9294174},
isbn = {9781728141497},
mendeley-groups = {Urban Simulators/paper BCN (pruning cities 01),Democracy by Design},
month = {sep},
publisher = {Institute of Electrical and Electronics Engineers Inc.},
title = {{Quantifying the impact of connected and autonomous vehicles on traffic efficiency and safety in mixed traffic}},
year = {2020}
}
@article{Haklay2010,
author = {Haklay, Mordechai},
doi = {10.1068/b35097},
issn = {14723417},
journal = {Environment and Planning B: Planning and Design},
mendeley-groups = {Urban Simulators/paper BCN (pruning cities 01)},
month = {aug},
number = {4},
pages = {682--703},
publisher = {Pion Limited},
title = {{How good is volunteered geographical information? A comparative study of OpenStreetMap and ordnance survey datasets}},
url = {http://journals.sagepub.com/doi/10.1068/b35097},
volume = {37},
year = {2010}
}
@article{Haklay2008,
author = {Haklay, Mordechai and Weber, Patrick},
doi = {10.1109/MPRV.2008.80},
issn = {15361268},
journal = {IEEE Pervasive Computing},
mendeley-groups = {Urban Simulators/paper BCN (pruning cities 01)},
month = {oct},
number = {4},
pages = {12--18},
title = {{OpenStreet map: User-generated street maps}},
volume = {7},
year = {2008}
}
@inproceedings{Halati1997,
author = {Halati, Abolhassan and Lieu, Henry and Walker, Susan},
booktitle = {Traffic Congestion and Traffic Safety in the 21st Century: Challenges, Innovations, and OpportunitiesUrban Transportation Division, ASCE; Highway Division, ASCE; Federal Highway Administration, USDOT; and National Highway Traffic Safety Administration, US},
isbn = {0784402434},
mendeley-groups = {Urban Simulators/paper BCN (pruning cities 01)},
title = {{CORSIM-corridor traffic simulation model}},
year = {1997}
}
@incollection{Hall1996,
author = {Hall, Fred L},
booktitle = {Traffic Flow Theory},
chapter = {2},
mendeley-groups = {Urban Simulators/paper BCN (pruning cities 01)},
publisher = {US Federal Highway Administration},
title = {{Traffic Stream Characteristics}},
url = {http://tft.eng.usf.edu/docs/chap2.pdf},
year = {1996}
}
@article{Hardy2008,
author = {Hardy, Matthew and Dodge, Linda and Smith, Ted and V{\'{a}}sconez, Kimberly C. and Wunderlich, Karl},
isbn = {9781615677566},
journal = {15th World Congress on Intelligent Transport Systems and ITS America Annual Meeting 2008},
keywords = {Evacuation,Modeling,Operations,Planning,Simulation},
mendeley-groups = {Urban Simulators/paper BCN (pruning cities 01)},
pages = {2648--2664},
title = {{Evacuation management operations modeling assessment: Transportation modeling inventory}},
volume = {4},
year = {2008}
}
@article{Hart1968,
author = {Hart, Peter E. and Nilsson, Nils J. and Raphael, Bertram},
doi = {10.1109/TSSC.1968.300136},
issn = {21682887},
journal = {IEEE Transactions on Systems Science and Cybernetics},
mendeley-groups = {Urban Simulators/paper BCN (pruning cities 01)},
number = {2},
pages = {100--107},
title = {{A Formal Basis for the Heuristic Determination of Minimum Cost Paths}},
volume = {4},
year = {1968}
}
@article{Hayes2015,
author = {Hayes, Brian},
doi = {10.1511/2015.115.260},
issn = {0003-0996},
journal = {American Scientist},
mendeley-groups = {Urban Planning,Urban Simulators/paper BCN (pruning cities 01),Digital Twins,Urban Simulators,Urban Simulators/adaptive streets,Urban Simulators/pruning cities 02,Simulations and Crowds,Digital Twins/Urban Digital Twins},
number = {4},
pages = {260},
publisher = {Sigma Xi},
title = {{Playing in Traffic}},
volume = {103},
year = {2015}
}
@article{He2019,
author = {He, Wentian and Grant, B.B. and Smith, W.N. and VanderZaag, A.C. and Piquette, S. and Qian, B. and Jing, Q. and Rennie, T.J. and B{\'{e}}langer, G. and J{\'{e}}go, G. and Deen, B.},
doi = {10.1016/j.envsoft.2019.104540},
issn = {13648152},
journal = {Environmental Modelling \& Software},
keywords = {Alfalfa growth,Climate change,DNDC model,Moisture,Soil temperature,Winterkill},
mendeley-groups = {Urban Simulators/paper BCN (pruning cities 01)},
month = {dec},
pages = {104540},
publisher = {Elsevier},
title = {{Assessing alfalfa production under historical and future climate in eastern Canada: DNDC model development and application}},
url = {https://linkinghub.elsevier.com/retrieve/pii/S1364815218305747},
volume = {122},
year = {2019}
}
@article{He2018,
author = {He, Wentian and Yang, J. Y. and Drury, C. F. and Smith, W. N. and Grant, B. B. and He, Ping and Qian, B. and Zhou, Wei and Hoogenboom, G.},
doi = {10.1016/J.AGSY.2017.01.025},
issn = {0308-521X},
journal = {Agricultural Systems},
keywords = {Climate change,Crop yield,DNDC model,Moisture,Nitrous oxide emissions,Soil temperature},
mendeley-groups = {Urban Simulators/paper BCN (pruning cities 01)},
month = {jan},
pages = {187--198},
publisher = {Elsevier},
title = {{Estimating the impacts of climate change on crop yields and N2O emissions for conventional and no-tillage in Southwestern Ontario, Canada}},
volume = {159},
year = {2018}
}
@misc{Helbing2021a,
address = {Geneva, Switzerland},
author = {Helbing, Dirk},
mendeley-groups = {Urban Simulators,Urban Simulators/paper BCN (pruning cities 01),Digital Twins/DT: Potential Limitations and Ethical Issues},
title = {{12 Statements on Digital Twins}},
url = {https://www.researchgate.net/publication/355202057_12_STATEMENTS_ON_DIGITAL_TWINS_ie_detailed_digital_models_of_the_world_or_parts_of_it},
year = {2021}
}
@article{Helbing2004a,
author = {Helbing, Dirk},
doi = {10.1007/978-3-662-07809-9_3},
journal = {Human Behaviour and Traffic Networks},
mendeley-groups = {Urban Simulators/paper BCN (pruning cities 01)},
pages = {47--95},
title = {{Dynamic Decision Behavior and Optimal Guidance Through Information Services: Models and Experiments}},
year = {2004}
}

@book{Helbing2010,
address = {Heidelberg Dordrecht London New York},
author = {Helbing, Dirk},
booktitle = {Quantitative Sociodynamics: Stochastic Methods and Models of Social Interaction Processes},
doi = {10.1007/978-3-642-11546-2},
edition = {2},
isbn = {9783642115455},
mendeley-groups = {Urban Simulators/Teleworking,Urban Simulators/paper BCN (pruning cities 01)},
pages = {1--333},
publisher = {Springer},
title = {{Quantitative sociodynamics: Stochastic methods and models of social interaction processes}},
year = {2010}
}


@article{Helbing2021,
author = {Helbing, Dirk and Fanitabasi, Farzam and Giannotti, Fosca and H{\"{a}}nggli, Regula and Hausladen, Carina I. and van den Hoven, Jeroen and Mahajan, Sachit and Pedreschi, Dino and Pournaras, Evangelos},
doi = {10.3390/su132011162},
journal = {Sustainability},
keywords = {co,creation,digital democracy,participation,resilience,smart cities,sustainability},
mendeley-groups = {Urban Simulators/paper BCN (pruning cities 01),Digital Twins,Urban Simulators,Digital Twins/DT: Potential Limitations and Ethical Issues},
month = {oct},
number = {20},
pages = {11162},
publisher = {Multidisciplinary Digital Publishing Institute},
title = {{Ethics of Smart Cities: Towards Value-Sensitive Design and Co-Evolving City Life}},
url = {https://www.mdpi.com/2071-1050/13/20/11162/htm https://www.mdpi.com/2071-1050/13/20/11162},
volume = {13},
year = {2021}
}
@article{Helbing2004,
archivePrefix = {arXiv},
arxivId = {1309.1607},
author = {Helbing, Dirk and Nagel, Kai},
doi = {10.1080/00107510410001715944},
eprint = {1309.1607},
issn = {00107514},
journal = {Contemporary Physics},
mendeley-groups = {Urban Planning,Urban Simulators/paper BCN (pruning cities 01)},
month = {sep},
number = {5},
pages = {405--426},
publisher = { Taylor \& Francis Ltd },
title = {{The physics of traffic and regional development}},
url = {https://www.tandfonline.com/action/journalInformation?journalCode=tcph20},
volume = {45},
year = {2004}
}
@inproceedings{Hentschel2010,
author = {Hentschel, Matthias and Wagner, Bernardo},
booktitle = {IEEE Conference on Intelligent Transportation Systems, Proceedings, ITSC},
doi = {10.1109/ITSC.2010.5625092},
isbn = {9781424476572},
mendeley-groups = {Urban Simulators/paper BCN (pruning cities 01)},
pages = {1645--1650},
title = {{Autonomous robot navigation based on OpenStreetMap geodata}},
year = {2010}
}

@book{Heppenstall2012,
author = {Heppenstall, Alison J. and Crooks, Andrew T. and See, Linda M. and Batty, Michael},
booktitle = {Agent-Based Models of Geographical Systems},
doi = {10.1007/978-90-481-8927-4},
isbn = {9789048189274},
mendeley-groups = {Urban Simulators,Urban Planning,Urban Simulators/paper BCN (pruning cities 01)},
month = {jan},
pages = {1--759},
publisher = {Springer Netherlands},
title = {{Agent-based models of geographical systems}},
year = {2012}
}


@book{Heuvel2020,
address = {Rotterdam},
editor = {van den Heuvel, Dirk and Martens, Janno. and {Mu{\~{n}}oz Sanz}, V{\'{i}}ctor.},
isbn = {9789462085565 9462085560},
language = {English},
mendeley-groups = {Urban Simulators/paper BCN (pruning cities 01)},
publisher = {Nai010 uitgevers},
title = {{Habitat : ecology thinking in architecture}},
year = {2020}
}
@misc{Hoogendoorn2013,
booktitle = {Traffic and Granular Flow 2011},
doi = {10.1007/978-3-642-39669-4},
editor = {Hoogendoorn, Serge P. and Luding, Stefan and Bovy, Piet H. L. and Schreckenberg, Michael and Wolf, Dietrich E.},
mendeley-groups = {Urban Simulators/paper BCN (pruning cities 01)},
publisher = {Springer},
title = {{Traffic and Granular Flow '03}},
year = {2013}
}
@misc{Hook2020,
author = {Hook, Andrew and Court, Victor and Sovacool, Benjamin K. and Sorrell, Steve},
booktitle = {Environmental Research Letters},
doi = {10.1088/1748-9326/ab8a84},
issn = {17489326},
keywords = {climate change,digital economy,energy,systematic review,telecommuting,teleworking},
mendeley-groups = {Urban Planning,teleworking,Urban Simulators/paper BCN (pruning cities 01),Policy,Urban Simulators,Urban Simulators/Teleworking},
month = {sep},
number = {9},
pages = {93003},
publisher = {IOP Publishing Ltd},
title = {{A systematic review of the energy and climate impacts of teleworking}},
url = {https://doi.org/10.1088/1748-9326/ab8a84},
volume = {15},
year = {2020}
}
@techreport{Hourdos2008,
address = {St. Paul, MN, USA},
author = {Hourdos, John and Michalopoulos, Panos},
institution = {Department of Civil Engineering;University of Minnesota. Minnesota Department of Transportation},
mendeley-groups = {Urban Simulators/paper BCN (pruning cities 01),Digital Twins/DT: Potential Limitations and Ethical Issues},
title = {{Twin Cities Metro-wide Traffic Micro-simulation Feasibility Investigation}},
url = {http://www.lrrb.org/PDF/200815.pdf},
year = {2008}
}
@article{Hu2016,
address = {New York City, NY, USA},
author = {Hu, Winnie},
journal = {The New York Times},
mendeley-groups = {Urban Simulators/paper BCN (pruning cities 01),Newspapers articles},
month = {sep},
title = {{What New York Can Learn From Barcelona's ‘Superblocks'}},
url = {https://www.nytimes.com/2016/10/02/nyregion/what-new-york-can-learn-from-barcelonas-superblocks.html},
year = {2016}
}
@article{Huang2013,
author = {Huang, Kangning and Liu, Xiaoping and Li, Xia and Liang, Jiayong and He, Shenjing},
doi = {10.1080/13658816.2012.730147},
issn = {13658816},
journal = {International Journal of Geographical Information Science},
keywords = {Pareto front,artificial immune system,land-use allocation problem,multi-objective optimization},
mendeley-groups = {Urban Planning,Urban Simulators/paper BCN (pruning cities 01),Urban Simulators},
month = {may},
number = {5},
pages = {922--946},
publisher = {Taylor \& Francis},
title = {{An improved artificial immune system for seeking the Pareto front of land-use allocation problem in large areas}},
url = {http://www.tandfonline.com/doi/abs/10.1080/13658816.2012.730147},
volume = {27},
year = {2013}
}
@incollection{Hudson-Smith2022,
address = {London},
author = {Hudson-Smith, Andrew and Signorelli, Valerio and Dawkins, Oliver and Batty, Michael},
booktitle = {Digital Twins for Smart Cities – Conceptualization, Challenges \& Practices},
editor = {Wan, Li and Nochta, Timea and Tang, Junqing and Schooling, Jennifer},
mendeley-groups = {Urban Simulators/paper BCN (pruning cities 01)},
publisher = {Institution of Civil Engineers},
title = {{More Than One Twin : An Ecology of Model Applications in East London}},
year = {2022}
}
@techreport{InstitutdEstudisRegionalsiMetropolitansdeBarcelonaIERMB2019,
address = {Bellaterra (Spain)},
author = {{Institut d'Estudis Regionals i Metropolitans de Barcelona (IERMB)}},
institution = {{\`{A}}rea de Barcelona. Autoritat del Transport Metropolit{\`{a}}, Ajuntament de Barcelona, {\`{A}}rea Metropolitana de Barcelona, Associaci{\'{o}} de Municipis per la Mobilitat i el Transport Urb{\`{a}}, IDESCAT},
mendeley-groups = {Urban Simulators/paper BCN (pruning cities 01)},
title = {{Enquesta de Mobilitat en Dia Feiner 2018 (EMEF 2018). La mobilitat a Barcelona}},
url = {https://web.archive.org/web/*/https://observatorimobilitat.atm.cat/docs-observatori/enquestes-de-mobilitat/Enquestes_ambit_ATM/EMEF/2018/EMEF_2018_Informe_BCN.pdf},
year = {2019}
}
@techreport{InstitutdEstudisRegionalsiMetropolitansdeBarcelonaIERMB2019a,
address = {Bellaterra (Spain)},
author = {{Institut d'Estudis Regionals i Metropolitans de Barcelona (IERMB)}},
institution = {{\`{A}}rea de Barcelona. Autoritat del Transport Metropolit{\`{a}}, Ajuntament de Barcelona, {\`{A}}rea Metropolitana de Barcelona, Associaci{\'{o}} de Municipis per la Mobilitat i el Transport Urb{\`{a}}, IDESCAT},
mendeley-groups = {Urban Simulators/paper BCN (pruning cities 01)},
title = {{Enquesta de Mobilitat en Dia Feiner 2018. La mobilitat a l'{\`{a}}mbit territorial del Sistema Tarifari Integrat}},
year = {2019}
}
@techreport{InstitutdEstudisRegionalsiMetropolitansdeBarcelonaIERMB2018,
address = {Barcelona},
author = {{Institut d'Estudis Regionals i Metropolitans de Barcelona (IERMB)}},
institution = {{\`{A}}rea de Barcelona. Autoritat del Transport Metropolit{\`{a}}. Ajuntament de Barcelona. {\`{A}}rea Metropolitana de Barcelona. Associaci{\'{o}} de Municipis per la Mobilitat i el Transport Urb{\`{a}}. Idescat.},
mendeley-groups = {Urban Simulators/paper BCN (pruning cities 01)},
title = {{Enquesta de Mobilitat en Dia Feiner 2018. La mobilitat a l'{\`{a}}mbit territorial del Sistema Tarifari Integrat de l'{\`{a}}rea de Barcelona}},
url = {https://observatorimobilitat.atm.cat/docs-observatori/enquestes-de-mobilitat/Enquestes_ambit_ATM/EMEF/2018/EMEF_2018_Informe_AMTU.pdf},
year = {2018}
}
@techreport{InstitutdEstudisRegionalsiMetropolitansdeBarcelonaIERMB2019b,
address = {Bellaterra (Spain)},
author = {{Institut d'Estudis Regionals i Metropolitans de Barcelona (IERMB)}},
institution = {{\`{A}}rea de Barcelona. Autoritat del Transport Metropolit{\`{a}}, Ajuntament de Barcelona, {\`{A}}rea Metropolitana de Barcelona, Associaci{\'{o}} de Municipis per la Mobilitat i el Transport Urb{\`{a}}, IDESCAT},
mendeley-groups = {Urban Simulators/paper BCN (pruning cities 01)},
title = {{Enquesta De Mobilitat En Dia Feiner 2018. La mobilitat a l'{\`{a}}mbit de l'{\`{A}}rea Metropolitana de Barcelona}},
url = {https://observatorimobilitat.atm.cat/docs-observatori/enquestes-de-mobilitat/Enquestes_ambit_ATM/EMEF/2018/EMEF_2018_Informe_AMB.pdf},
year = {2019}
}
@techreport{InstitutdEstudisRegionalsiMetropolitansdeBarcelonaIERMB2020,
address = {Bellaterra (Spain)},
author = {{Institut d'Estudis Regionals i Metropolitans de Barcelona (IERMB)}},
institution = {{\`{A}}rea de Barcelona. Autoritat del Transport Metropolit{\`{a}}, Ajuntament de Barcelona, {\`{A}}rea Metropolitana de Barcelona, Associaci{\'{o}} de Municipis per la Mobilitat i el Transport Urb{\`{a}}, IDESCAT},
mendeley-groups = {Urban Simulators/paper BCN (pruning cities 01)},
title = {{Enquesta de Mobilitat en Dia Feiner 2019 (EMEF 2019). La mobilitat a l'{\`{a}}mbit del Sistema Integrat de Mobilitat Metropolitana de Barcelona}},
url = {https://web.archive.org/web/20210922230839/https://observatorimobilitat.atm.cat/docs-observatori/enquestes-de-mobilitat/Enquestes_ambit_ATM/EMEF/2019/EMEF_2019_Informe_SIMMB.pdf},
year = {2020}
}
@techreport{AreadeBarcelona.AutoritatdelTransportMetropolita2020,
address = {Bellaterra (Spain)},
author = {{Institut d'Estudis Regionals i Metropolitans de Barcelona (IERMB)}},
institution = {{\`{A}}rea de Barcelona. Autoritat del Transport Metropolit{\`{a}}, Ajuntament de Barcelona, {\`{A}}rea Metropolitana de Barcelona, Associaci{\'{o}} de Municipis per la Mobilitat i el Transport Urb{\`{a}}, IDESCAT},
mendeley-groups = {Urban Simulators/paper BCN (pruning cities 01)},
pages = {107},
title = {{Enquesta de Mobilitat en Dia Feiner 2019 (EMEF 2019). La mobilitat a Barcelona}},
url = {https://web.archive.org/web/20210923095118/https://observatorimobilitat.atm.cat/docs-observatori/enquestes-de-mobilitat/Enquestes_ambit_ATM/EMEF/2019/EMEF_2019_Informe_BCN.pdf https://observatorimobilitat.atm.cat/docs-observatori/enquestes-de-mobilitat/En},
year = {2020}
}
@misc{InstitutoGeograficoNacionaldeEspanaIGN2018,
author = {{Instituto Geogr{\'{a}}fico Nacional de Espa{\~{n}}a (IGN)} and {Centro Nacional de Informaci{\'{o}}n Geogr{\'{a}}fica (CNIG)}},
mendeley-groups = {Urban Simulators/paper BCN (pruning cities 01)},
title = {{Plan Nacional de Ortofotografia A{\'{e}}rea (PNOA)}},
year = {2018}
}
@inproceedings{Ivanov2020,
author = {Ivanov, Sergey and Nikolskaya, Ksenia and Radchenko, Gleb and Sokolinsky, Leonid and Zymbler, Mikhail},
booktitle = {Proceedings - 2020 Global Smart Industry Conference, GloSIC 2020},
doi = {10.1109/GloSIC50886.2020.9267879},
isbn = {9781728180755},
keywords = {data mining,digital twin,fog computing,neural networks,sensors,smart city,urban management},
mendeley-groups = {Urban Simulators/paper BCN (pruning cities 01),Urban Planning,Simulations and Crowds},
month = {nov},
pages = {178--186},
publisher = {Institute of Electrical and Electronics Engineers Inc.},
title = {{Digital twin of city: Concept overview}},
year = {2020}
}
@article{Kanagaraj2013,
author = {Kanagaraj, Venkatesan and Asaithambi, Gowri and Kumar, C.H. Naveen and Srinivasan, Karthik K. and Sivanandan, R.},
doi = {10.1016/j.sbspro.2013.11.132},
issn = {18770428},
journal = {Procedia - Social and Behavioral Sciences},
mendeley-groups = {Urban Simulators/paper BCN (pruning cities 01)},
month = {dec},
pages = {390--401},
publisher = {Elsevier},
title = {{Evaluation of Different Vehicle Following Models Under Mixed Traffic Conditions}},
volume = {104},
year = {2013}
}
@article{Kang2019,
author = {Kang, Jeon Young and Aldstadt, Jared},
doi = {10.1080/13658816.2018.1535121},
issn = {13623087},
journal = {International Journal of Geographical Information Science},
keywords = {Spatially explicit agent-based model,dengue virus,pattern-oriented modelling,pattern-oriented validation,space-time pattern},
mendeley-groups = {Urban Simulators/paper BCN (pruning cities 01)},
month = {jan},
number = {1},
pages = {193--213},
publisher = {Taylor \& Francis},
title = {{Using multiple scale spatio-temporal patterns for validating spatially explicit agent-based models}},
url = {https://www.tandfonline.com/doi/abs/10.1080/13658816.2018.1535121},
volume = {33},
year = {2019}
}
@inproceedings{Kastner2014,
address = {Berlin},
author = {Kastner, Karl Heinz and Keber, Robert and Pau, Petru and Samal, Martin},
booktitle = {Simulation of Urban Mobility. SUMO 2013. Lecture Notes in Computer Science},
doi = {10.1007/978-3-662-45079-6_11},
editor = {Behrisch, Michael and Krajzewicz, Daniel and Weber, Melanie},
isbn = {9783662450789},
issn = {16113349},
keywords = {Parallel computing,Traffic condition,Traffic simulation},
mendeley-groups = {Urban Simulators/paper BCN (pruning cities 01)},
pages = {146--159},
publisher = {Springer Verlag},
title = {{Real-Time Traffic Conditions with SUMO for ITS Austria West}},
volume = {8594},
year = {2014}
}
@article{Kastner2015,
author = {Kastner, Karl-Heinz and Pau, Petru},
journal = {SUMO 2015–Intermodal Simulation for Intermodal Transport},
mendeley-groups = {Urban Simulators/paper BCN (pruning cities 01)},
title = {{Experiences with SUMO in a real-life traffic monitoring system}},
volume = {1},
year = {2015}
}
@article{Keimer2020,
author = {Keimer, Alexander and Bayen, Alexandre},
doi = {10.1146/annurev-control-091319-125444},
issn = {2573-5144},
journal = {Annual Review of Control, Robotics, and Autonomous Systems},
keywords = {dynamic traffic assignment,existence of solutions,ordinary delay differential equations,real-time information,routing in real time,traffic flow,uniqueness of solutions},
mendeley-groups = {Urban Simulators/paper BCN (pruning cities 01),Urban Simulators},
month = {may},
number = {1},
pages = {151--172},
publisher = {Annual Reviews},
title = {{Routing on Traffic Networks Incorporating Past Memory up to Real-Time Information on the Network State}},
url = {https://doi.org/10.1146/annurev-control-091319-},
volume = {3},
year = {2020}
}
@article{Kirkley2018,
archivePrefix = {arXiv},
arxivId = {1709.05718},
author = {Kirkley, Alec and Barbosa, Hugo and Barthelemy, Marc and Ghoshal, Gourab},
doi = {10.1038/s41467-018-04978-z},
eprint = {1709.05718},
issn = {20411723},
journal = {Nature Communications},
mendeley-groups = {Urban Simulators/paper BCN (pruning cities 01)},
number = {1},
pmid = {29950619},
publisher = {Springer US},
title = {{From the betweenness centrality in street networks to structural invariants in random planar graphs}},
url = {http://dx.doi.org/10.1038/s41467-018-04978-z},
volume = {9},
year = {2018}
}
@book{Knodel1969,
address = {Berlin, Heidelberg},
author = {Kn{\"{o}}del, Walter},
doi = {10.1007/978-3-642-95121-3},
isbn = {978-3-642-95122-0},
mendeley-groups = {Urban Simulators/paper BCN (pruning cities 01),Urban Simulators},
publisher = {Springer Berlin Heidelberg},
series = {{\"{O}}konometrie und Unternehmensforschung / Econometrics and Operations Research},
title = {{Graphentheoretische Methoden und ihre Anwendungen}},
url = {http://link.springer.com/10.1007/978-3-642-95121-3},
volume = {13},
year = {1969}
}
@article{Kolata1990,
author = {Kolata, Gina},
journal = {The New York Times, Dec. 25},
mendeley-groups = {Urban Planning,Urban Simulators/paper BCN (pruning cities 01),Urban Simulators},
pages = {1990},
title = {{What if They Closed 42d Street and Nobody Noticed?}},
url = {https://www.nytimes.com/1990/12/25/health/what-if-they-closed-42d-street-and-nobody-noticed.html},
year = {1990}
}
@techreport{Koonce2008,
address = {Washington, D.C., U.S.},
author = {Koonce, Peter and Rodegerdts, Lee},
institution = {US Federal Highway Administration},
isbn = {FHWA-HOP-08-024},
keywords = {detectors,maintenance operation traffic signals,policy based signal control,signalized intersections,traffic signal timing},
language = {English},
mendeley-groups = {Urban Simulators/paper BCN (pruning cities 01)},
pages = {265},
title = {{Traffic Signal Timing Manual}},
url = {https://rosap.ntl.bts.gov/view/dot/20661},
year = {2008}
}
@inproceedings{Koutsoupias1999,
author = {Koutsoupias, Elias and Papadimitriou, Christos},
booktitle = {Lecture Notes in Computer Science (including subseries Lecture Notes in Artificial Intelligence and Lecture Notes in Bioinformatics)},
doi = {10.1007/3-540-49116-3_38},
isbn = {354065691X},
issn = {16113349},
mendeley-groups = {Computational Design,Urban Planning,Urban Simulators/paper BCN (pruning cities 01),Urban Simulators},
pages = {404--413},
publisher = {Springer Verlag},
title = {{Worst-case equilibria}},
url = {https://link.springer.com/chapter/10.1007/3-540-49116-3_38},
volume = {1563},
year = {1999}
}
@article{Kouvelas2017,
author = {Kouvelas, Anastasios and Saeedmanesh, Mohammadreza and Geroliminis, Nikolas},
doi = {10.1016/j.trb.2016.10.011},
issn = {01912615},
journal = {Transportation Research Part B: Methodological},
keywords = {Adaptive fine-tuning (AFT),Adaptive optimization,Linear feedback regulators,Macroscopic fundamental diagram,Online learning,Real-time urban perimeter control},
mendeley-groups = {Urban Simulators/paper BCN (pruning cities 01)},
pages = {26--45},
title = {{Enhancing model-based feedback perimeter control with data-driven online adaptive optimization}},
url = {http://dx.doi.org/10.1016/j.trb.2016.10.011},
volume = {96},
year = {2017}
}
@article{Krajzewicz2005,
author = {Krajzewicz, D. and Hartinger, M. and Hertkorn, G. and Mieth, P. and R{\"{o}}ssel, C. and Zimmer, J. and Wagner, P.},
doi = {10.1007/3-540-28091-X_19},
journal = {Traffic and Granular Flow 2003},
keywords = {Car following,Car-driver model,Continuous,Education,Microscopic,Multi-modal,Open source,Road traffic,Traffic research,Traffic simulation},
mendeley-groups = {Urban Simulators/paper BCN (pruning cities 01)},
pages = {217--222},
publisher = {Springer, Berlin, Heidelberg},
title = {{Using the Road Traffic Simulation “SUMO” for Educational Purposes}},
url = {https://link.springer.com/chapter/10.1007/3-540-28091-X_19},
year = {2005}
}
@article{Krauss1997,
author = {Krauss, S and Wagner, P and Gawron, C},
doi = {10.1103/PhysRevE.55.5597},
issn = {1063651X},
journal = {Physical Review E - Statistical Physics, Plasmas, Fluids, and Related Interdisciplinary Topics},
mendeley-groups = {Urban Simulators/paper BCN (pruning cities 01)},
number = {5},
pages = {5597--5602},
title = {{Metastable states in a microscopic model of traffic flow}},
volume = {55},
year = {1997}
}
@phdthesis{Krauß1998,
author = {Krau{\ss}, Stefan},
issn = {14348454},
keywords = {Car - Following Model,Jamming Transition,Phase Transitions,Traffic Simulation},
mendeley-groups = {Urban Simulators/paper BCN (pruning cities 01)},
school = {Universit{\"{a}}t zu K{\"{o}}ln},
title = {{Microscopic modeling of traffic flow: Investigation of collision free vehicle dynamics}},
year = {1998}
}
@techreport{Kristof1972,
author = {Kristof, Frank S},
mendeley-groups = {Urban Simulators/paper BCN (pruning cities 01),Urban Planning,Policy},
number = {4},
pages = {309--320},
title = {{Federal Housing Policies: Subsidized Production, Filtration and Objectives: Part I}},
url = {https://www.jstor.org/stable/3145307},
volume = {48},
year = {1972}
}
@article{Lee2016,
author = {Lee, Richard J. and Sener, Ipek N. and Mullins, James A.},
doi = {10.1080/19427867.2015.1106787},
issn = {1942-7867},
journal = {Transportation Letters},
keywords = {Bluetooth re-identification,GPS,Mobile phone positioning,Travel demand modeling},
mendeley-groups = {Urban Simulators/paper BCN (pruning cities 01)},
month = {aug},
number = {4},
pages = {181--193},
publisher = {Taylor and Francis Ltd.},
title = {{An evaluation of emerging data collection technologies for travel demand modeling: from research to practice}},
url = {http://www.tandfonline.com/doi/full/10.1080/19427867.2015.1106787},
volume = {8},
year = {2016}
}
@misc{Li2020,
archivePrefix = {arXiv},
arxivId = {2002.10298},
author = {Li, Bo and Lokhov, Andrey Y. and Saad, David},
booktitle = {arXiv},
doi = {10.1103/physrevresearch.2.032059},
eprint = {2002.10298},
issn = {2643-1564},
mendeley-groups = {Urban Simulators/paper BCN (pruning cities 01),Urban Planning,Urban Simulators},
month = {feb},
publisher = {arXiv},
title = {{Reducing Urban Traffic Congestion Due To Localized Routing Decisions}},
year = {2020}
}
@article{Li2015,
author = {Li, Zhuo Ting and Yang, J. Y. and Smith, W. N. and Drury, C. F. and Lemke, R. L. and Grant, B. and He, W. T. and Li, Xiao Gang},
doi = {10.1007/S10705-015-9688-3},
issn = {1573-0867},
journal = {Nutrient Cycling in Agroecosystems 2015 101:3},
keywords = {Agriculture},
mendeley-groups = {Urban Simulators/paper BCN (pruning cities 01)},
month = {mar},
number = {3},
pages = {401--419},
publisher = {Springer},
title = {{Simulation of long-term spring wheat yields, soil organic C, N and water dynamics using DSSAT-CSM in a semi-arid region of the Canadian prairies}},
url = {https://link.springer.com/article/10.1007/s10705-015-9688-3},
volume = {101},
year = {2015}
}
@incollection{Lieberman1996,
address = {Washington, D.C., U.S.},
author = {Lieberman, Edward and Rathi, Ajay K},
booktitle = {Traffic Flow Theory},
chapter = {10},
edition = {2},
mendeley-groups = {Urban Simulators/paper BCN (pruning cities 01)},
publisher = {US Federal Highway Administration},
title = {{Traffic Simulation}},
url = {https://www.fhwa.dot.gov/publications/research/operations/tft/},
year = {1996}
}
@article{Lima2016,
author = {Lima, Antonio and Stanojevic, Rade and Papagiannaki, Dina and Rodriguez, Pablo and Gonz{\'{a}}lez, Marta C},
doi = {10.1098/rsif.2016.0021},
issn = {1742-5689},
journal = {Journal of The Royal Society Interface},
keywords = {Subject Category: Life Sciences-Physics interface,city science,complex systems,transportation},
mendeley-groups = {Urban Simulators,to be read,Urban Planning,Urban Simulators/paper BCN (pruning cities 01)},
month = {mar},
number = {116},
pages = {20160021},
title = {{Understanding individual routing behaviour}},
url = {https://royalsocietypublishing.org/doi/10.1098/rsif.2016.0021},
volume = {13},
year = {2016}
}
@article{Liu2021,
author = {Liu, Mengnan and Fang, Shuiliang and Dong, Huiyue and Xu, Cunzhi},
doi = {10.1016/j.jmsy.2020.06.017},
issn = {02786125},
journal = {Journal of Manufacturing Systems},
keywords = {Digital twin,Industrial application,Literature review,Product lifecycle,Simulation},
mendeley-groups = {Urban Simulators/paper BCN (pruning cities 01),Digital Twins,Digital Twins/DT: Potential Limitations and Ethical Issues},
month = {jan},
pages = {346--361},
publisher = {Elsevier},
title = {{Review of digital twin about concepts, technologies, and industrial applications}},
volume = {58},
year = {2021}
}
@article{InTAS,
author = {Lobo, Silas C and Neumeier, Stefan and Fernandez, Evelio M.G. and Facchi, Christian},
issn = {23318422},
journal = {arXiv},
keywords = {Realistic traffic scenario,SUMO,Traffic modelling,VANET},
mendeley-groups = {Urban Simulators/paper BCN (pruning cities 01)},
title = {{InTAS - the Ingolstadt traffic scenario for SUMO}},
url = {https://www.youtube.com/watch?v=UgPeBxXzDHc},
year = {2020}
}
@article{Lomax2017,
author = {Lomax, Nik and Smith, Andrew},
doi = {10.37970/aps.v1i1.14},
journal = {Australian Population Studies},
keywords = {Microsimulation,R code,data visualisation,demography,dynamic,population estimation,static},
mendeley-groups = {Urban Simulators/paper BCN (pruning cities 01),Urban Simulators/Teleworking},
month = {nov},
number = {1},
pages = {73--85},
publisher = {Australian Population Studies},
title = {{Microsimulation for demography}},
url = {www.australianpopulationstudies.org},
volume = {1},
year = {2017}
}
@article{Lopes2019,
author = {Lopes, Andr{\'{e}} Soares and Loureiro, Carlos Felipe Grangeiro and {Van Wee}, Bert},
doi = {10.1080/01441647.2018.1442890},
issn = {14645327},
journal = {Transport Reviews},
keywords = {ALUTI,LUTI,activity,land use,operational models,transport},
mendeley-groups = {Urban Simulators/paper BCN (pruning cities 01),Urban Simulators/Teleworking,Urban Planning},
month = {mar},
number = {2},
pages = {204--225},
publisher = {Routledge},
title = {{LUTI operational models review based on the proposition of an a priori ALUTI conceptual model}},
url = {https://www.tandfonline.com/doi/full/10.1080/01441647.2018.1442890},
volume = {39},
year = {2019}
}
@inproceedings{Lopez2018,
author = {Lopez, Pablo Alvarez and Behrisch, Michael and Bieker-Walz, Laura and Erdmann, Jakob and Flotterod, Yun Pang and Hilbrich, Robert and Lucken, Leonhard and Rummel, Johannes and Wagner, Peter and Wiebner, Evamarie},
booktitle = {IEEE Conference on Intelligent Transportation Systems, Proceedings, ITSC},
doi = {10.1109/ITSC.2018.8569938},
isbn = {9781728103235},
keywords = {DLR,Deutsches Zentrum f{\"{u}}r Luft- und Raumfahrt,Energie,Evaluation of Transportation,Luftfahrt,Verkehr,Veroeffentlichungen,Weltraum,elib,elib.dlr.de},
mendeley-groups = {Urban Planning,Simulations and Crowds,Data Analytics for Urban Design,Urban Simulators,Urban Simulators/paper BCN (pruning cities 01)},
month = {nov},
pages = {2575--2582},
publisher = {IEEE},
title = {{Microscopic Traffic Simulation using SUMO}},
url = {https://www.itsc2019.org/},
volume = {2018-Novem},
year = {2018}
}

@techreport{Lowry1964,
address = {Santa Monica, CA},
author = {Lowry, Ira S.},
institution = {RAND Corporation},
mendeley-groups = {Urban Simulators/Teleworking,Urban Planning},
publisher = {RAND Corporation},
title = {{A Model of Metropolis}},
url = {https://www.rand.org/pubs/research_memoranda/RM4035.html},
year = {1964}
}

@article{Lu2020,
author = {Lu, Qiong and Tettamanti, Tam{\'{a}}s and H{\"{o}}rcher, D{\'{a}}niel and Varga, Istv{\'{a}}n},
doi = {10.1080/19427867.2019.1662561},
issn = {19427875},
journal = {Transportation Letters},
keywords = {Autonomous vehicles,SUMO,capacity,generalized additive model,macroscopic fundamental diagram,urban road},
mendeley-groups = {Urban Simulators/paper BCN (pruning cities 01),Urban Planning},
month = {sep},
number = {8},
pages = {540--549},
publisher = {Taylor \& Francis},
title = {{The impact of autonomous vehicles on urban traffic network capacity: an experimental analysis by microscopic traffic simulation}},
url = {https://www.tandfonline.com/doi/abs/10.1080/19427867.2019.1662561},
volume = {12},
year = {2020}
}
@misc{Lydon2011,
address = {Brooklyn, NY},
author = {Lydon, Mike and Bartman, Dan and Woudstra, Ronald and Khawarzad, Aurash},
mendeley-groups = {Policy,Architecture,Urban Planning,Urban Simulators/paper BCN (pruning cities 01)},
pages = {25},
publisher = {The Street Plans Collective},
title = {{Tactical Urbanism: Volume 1}},
url = {https://issuu.com/streetplanscollaborative/docs/tactical_urbanism_vol.1},
volume = {1},
year = {2011}
}
@article{Ma2013,
author = {Ma, Jingtao and Li, Huan and Yuan, Fang and Bauer, Thomas},
doi = {10.1260/2046-0430.2.3.183},
issn = {20460449},
journal = {International Journal of Transportation Science and Technology},
keywords = {large scale mobile phone data,matrix correction,operational origin-destination matrix,path-matching,travel demand projection,trip imputation},
mendeley-groups = {Urban Simulators/paper BCN (pruning cities 01)},
month = {sep},
number = {3},
pages = {183--204},
publisher = {Elsevier B.V.},
title = {{Deriving Operational Origin-Destination Matrices From Large Scale Mobile Phone Data}},
volume = {2},
year = {2013}
}
@misc{Madrigal2018,
author = {Madrigal, Alexis C.},
booktitle = {The Atlantic},
mendeley-groups = {Urban Simulators/paper BCN (pruning cities 01),Urban Planning,Urban Simulators},
title = {{The Perfect Selfishness of Mapping Apss}},
url = {https://www.theatlantic.com/technology/archive/2018/03/mapping-apps-and-the-price-of-anarchy/555551/},
urldate = {2020-12-25},
year = {2018}
}
@techreport{Makki,
author = {Makki, Mohammed and Navarro-Mateu, Diego},
mendeley-groups = {Urban Planning,Urban Simulators/paper BCN (pruning cities 01),to be read},
title = {{The Evolutionary Adaptation of Urban Tissues through Computational Analysis Wallacei-An Analytic and Evolutionary Engine for Grasshopper 3D View project}},
url = {https://www.researchgate.net/publication/325604125}
}
@misc{Mapillaryandcontributors2021,
author = {Mapillary and contributors},
mendeley-groups = {Urban Simulators/paper BCN (pruning cities 01)},
publisher = {Mapillary},
title = {{Mapillary imagery}},
url = {https://www.mapillary.com/},
year = {2021}
}
@article{Marquet2016,
author = {Marquet, Oriol and Miralles-Guasch, Carme},
doi = {10.1016/j.tranpol.2016.07.002},
issn = {1879310X},
journal = {Transport Policy},
keywords = {Barcelona,Modal choice,Motorcycles,Two-wheeled mobility,Urban mobility},
mendeley-groups = {Urban Simulators/paper BCN (pruning cities 01)},
month = {nov},
pages = {37--45},
publisher = {Elsevier Ltd},
title = {{City of Motorcycles. On how objective and subjective factors are behind the rise of two-wheeled mobility in Barcelona}},
volume = {52},
year = {2016}
}

@article{Mathias2020,
author = {Mathias, Jean‐Denis and Debeljak, Marko and Deffuant, Guillaume and Diemer, Arnaud and Dierickx, Florian and Donges, Jonathan F. and Gladkykh, Ganna and Heitzig, Jobst and Holtz, Georg and Obergassel, Wolfgang and Pellaud, Francine and S{\'{a}}nchez, Angel and Trajanov, Aneta and Videira, Nuno},
doi = {10.1029/2020EF001573},
issn = {2328-4277},
journal = {Earth's Future},
mendeley-groups = {Policy,Digital Democracy-COSS,CoCi,Digital Twins/DT: Potential Limitations and Ethical Issues,Urban Simulators/paper BCN (pruning cities 01)},
month = {jul},
number = {7},
publisher = {John Wiley and Sons Inc},
title = {{Grounding Social Foundations for Integrated Assessment Models of Climate Change}},
url = {https://onlinelibrary.wiley.com/doi/10.1029/2020EF001573},
volume = {8},
year = {2020}
}


@misc{Maxar2021,
author = {Maxar},
mendeley-groups = {Urban Simulators/paper BCN (pruning cities 01)},
title = {{Maxar Imagery}},
year = {2021}
}
@article{McKenney2013,
author = {McKenney, Dave and White, Tony},
doi = {10.1016/j.engappai.2012.04.008},
issn = {09521976},
journal = {Engineering Applications of Artificial Intelligence},
keywords = {Traffic light control,Traffic modeling},
mendeley-groups = {Urban Simulators/paper BCN (pruning cities 01)},
month = {jan},
number = {1},
pages = {574--583},
publisher = {Pergamon},
title = {{Distributed and adaptive traffic signal control within a realistic traffic simulation}},
volume = {26},
year = {2013}
}
@techreport{McNally2008,
author = {McNally, Author},
mendeley-groups = {Urban Simulators,Urban Simulators/paper BCN (pruning cities 01),Urban Planning},
month = {nov},
title = {{UC Irvine Recent Work Title The Four Step Model Permalink https://escholarship.org/uc/item/0r75311t Publication Date}},
url = {http://www.its.uci.edu},
year = {2008}
}
@misc{Medina,
address = {Madrid},
author = {Medina, Miguel {\'{A}}ngel and Zafra, Mariano and L{\'{o}}pez, Jacob Vicente},
booktitle = {El Pa{\'{i}}s},
mendeley-groups = {Urban Planning,Urban Simulators/paper BCN (pruning cities 01),to be read,Urban Simulators},
month = {jun},
title = {{Supermanzanas, o c{\'{o}}mo devolver al peat{\'{o}}n la ciudad robada por los coches}},
url = {https://elpais.com/sociedad/2020-06-27/supermanzanas-o-como-devolver-al-peaton-la-ciudad-robada-por-los-coches.html?ssm=TW_CC}
}
@inproceedings{Melakessou2015,
author = {Melakessou, Foued and Derrmann, Thierry and Engel, Thomas},
booktitle = {MobiWac 2015 - Proceedings of the 13th ACM International Symposium on Mobility Management and Wireless Access},
doi = {10.1145/2810362.2810374},
isbn = {9781450337588},
keywords = {Big Data Analysis,Car Trafic Modelling,Daily Profile,Road Network},
mendeley-groups = {Urban Simulators/paper BCN (pruning cities 01)},
month = {nov},
pages = {5--12},
publisher = {Association for Computing Machinery, Inc},
title = {{Asymmetry analysis of inbound/outbound car traffic load distribution in Luxembourg}},
year = {2015}
}
@techreport{MinisteriodeFomento2014,
address = {Madrid},
author = {{Ministerio de Fomento}},
institution = {Ministerio de Fomento.Secretar{\'{i}}a de Estado de Infraestructuras, Transporte y Vivienda. Secretar{\'{i}}a General de Infraestructuras. Direcci{\'{o}}n General de Carreteras. Subdirecci{\'{o}}n General de Estudios y Proyectos},
mendeley-groups = {Urban Simulators/paper BCN (pruning cities 01)},
title = {{NS 5/2.014. Prescripciones y recomendaciones t{\'{e}}cnicas para la realizaci{\'{o}}n de estudios de tr{\'{a}}fico de los Estudios Informativos, Anteproyectos y Proyectos de carreteras.}},
url = {https://www.fomento.gob.es/NR/rdonlyres/8F18424F-91CD-412D-9748-F739C67D7DD8/126013/NS52014.pdf},
year = {2014}
}
@techreport{Mock2020,
address = {Berlin},
author = {Mock, Peter and D{\'{i}}az, Sonsoles (ed.)},
booktitle = {International Council on Clean Transportation},
institution = {The International Council on Clean Transportation (ICCT)},
keywords = {Emission control technologies,Emissions trends,Fuel consumption,GHG emissions,Heavy-duty vehicle efficiency,Vehicle technology},
mendeley-groups = {Urban Simulators/paper BCN (pruning cities 01)},
pages = {1--104},
title = {{European vehicle market statistics. Pocketbook 2020/21}},
url = {http://eupocketbook.theicct.org http://scholar.google.com/scholar?hl=en&btnG=Search&q=intitle:European+Vehicle+Market+Statistics#4%5Cnhttp://scholar.google.com/scholar?hl=en&btnG=Search&q=intitle:European+vehicle+market+statistics#4},
year = {2020}
}
@inproceedings{Montero2019,
author = {Montero, L. and Ros-Roca, X. and Herranz, R. and Barcel{\'{o}}, J.},
booktitle = {Transportation Research Procedia},
doi = {10.1016/j.trpro.2018.12.211},
issn = {23521465},
keywords = {OD Estimation,Smartphone Data,Traffic Assignment},
mendeley-groups = {Urban Simulators/paper BCN (pruning cities 01)},
month = {jan},
pages = {417--424},
publisher = {Elsevier B.V.},
title = {{Fusing mobile phone data with other data sources to generate input OD matrices for transport models}},
volume = {37},
year = {2019}
}
@article{Montero2018,
author = {Montero, L{\'{i}}dia and Linares, Paz and Salmer{\'{o}}n, Juan and Recio, Gonzalo and Lorente, Ester and V{\'{a}}zquez, Juan Jos{\'{e}}},
journal = {ADAPTIVE 2018},
keywords = {macroscopic,model,multimodal,network,public,simulation,traffic,transport},
mendeley-groups = {Urban Simulators/paper BCN (pruning cities 01)},
title = {{Barcelona Virtual Mobility Lab: The multimodal transport simulation testbed for emerging mobility concepts evaluation}},
url = {https://upcommons.upc.edu/handle/2117/123910},
year = {2018}
}
@misc{Montilla2020,
address = {Barcelona},
author = {Montilla, Raul},
booktitle = {La Vanguardia},
mendeley-groups = {Newspapers articles,Urban Simulators/paper BCN (pruning cities 01),Urban Planning,Urban Simulators},
month = {oct},
title = {{El urbanismo t{\'{a}}ctico dispara la preocupaci{\'{o}}n por el tr{\'{a}}fico}},
url = {https://www.lavanguardia.com/local/barcelona/20201225/6147943/urbanismo-tactico-dispara-preocupacion-trafico.html},
year = {2020}
}
@article{Morel2019,
author = {Morel, Sandrine},
journal = {Le Monde. Cities.},
mendeley-groups = {Urban Simulators/paper BCN (pruning cities 01),Newspapers articles},
month = {dec},
title = {{Avec ses « supermanzanas », Barcelone rend l'espace public {\`{a}} ses habitants}},
url = {https://www.lemonde.fr/economie/article/2019/12/10/avec-ses-supermanzanas-barcelone-rend-l-espace-public-a-ses-habitants_6022298_3234.html},
year = {2019}
}
@article{Mueller2020,
author = {Mueller, Natalie and Rojas-Rueda, David and Khreis, Haneen and Cirach, Marta and Andr{\'{e}}s, David and Ballester, Joan and Bartoll, Xavier and Daher, Carolyn and Deluca, Anna and Echave, Cynthia and Mil{\`{a}}, Carles and M{\'{a}}rquez, Sandra and Palou, Joan and P{\'{e}}rez, Katherine and Tonne, Cathryn and Stevenson, Mark and Rueda, Salvador and Nieuwenhuijsen, Mark},
doi = {10.1016/j.envint.2019.105132},
issn = {18736750},
journal = {Environment International},
keywords = {Active transport,Health impact assessment,Public space,Sustainability,Transport planning,Urban planning},
mendeley-groups = {Urban Simulators,Urban Planning,Urban Simulators/paper BCN (pruning cities 01),Urban resilience,Urban Simulators/pruning cities 02},
month = {jan},
pages = {105132},
pmid = {31515043},
publisher = {Elsevier Ltd},
title = {{Changing the urban design of cities for health: The superblock model}},
volume = {134},
year = {2020}
}
@article{Muhlich2015,
author = {M{\"{u}}hlich, Nicolas and Gayah, Vikash V. and Menendez, Monica},
doi = {10.3141/2491-13},
issn = {03611981},
journal = {Transportation Research Record},
mendeley-groups = {Simulations and Crowds,Urban Simulators/paper BCN (pruning cities 01),Urban Simulators,Urban Planning,Data Analytics for Urban Design},
month = {jan},
number = {1},
pages = {117--126},
publisher = {National Research Council},
title = {{Use of microsimulation for examination of macroscopic fundamental diagram hysteresis patterns for hierarchical urban street networks}},
url = {http://journals.sagepub.com/doi/10.3141/2491-13},
volume = {2491},
year = {2015}
}
@article{Murchland1970,
author = {Murchland, J. D.},
doi = {10.1016/0041-1647(70)90196-6},
issn = {00411647},
journal = {Transportation Research},
mendeley-groups = {Urban Simulators/paper BCN (pruning cities 01)},
month = {dec},
number = {4},
pages = {391--394},
publisher = {Pergamon},
title = {{Braess's paradox of traffic flow}},
volume = {4},
year = {1970}
}
@inproceedings{Oketch2005,
author = {Oketch, Timothy and Carrick, Marzenna},
booktitle = {Proceedings of the 84th TRB Annual Meeting},
keywords = {avalia{\c{c}}ao,calibracao,network},
mendeley-groups = {Urban Simulators/paper BCN (pruning cities 01)},
title = {{Calibration and validation of a micro-simulation model in network analysis}},
url = {http://tsh.ca/pdf/TRB05_paper05_1938_final.pdf},
year = {2005}
}
@article{Olmos2018,
author = {Olmos, Luis E. and {\c{C}}olak, Serdar and Shafiei, Sajjad and Saberi, Meead and Gonz{\'{a}}lez, Marta C.},
doi = {10.1073/pnas.1800474115},
issn = {10916490},
journal = {Proceedings of the National Academy of Sciences of the United States of America},
keywords = {Directed percolation,Human mobility,Mobile phone,Nonequilibrium phase transition,Urban traffic gridlock},
mendeley-groups = {Urban Simulators,Urban Planning,Urban Simulators/paper BCN (pruning cities 01)},
month = {dec},
number = {50},
pages = {12654--12661},
pmid = {30530677},
publisher = {National Academy of Sciences},
title = {{Macroscopic dynamics and the collapse of urban traffic}},
url = {www.pnas.org/cgi/doi/10.1073/pnas.1800474115},
volume = {115},
year = {2018}
}
@misc{OpenStreetMap,
author = {OpenStreetMap contributors},
mendeley-groups = {Urban Simulators/paper BCN (pruning cities 01)},
title = {{Planet dump for the Metropolitan area of Barcelona (RMB) retrieved from https://planet.osm.org}},
url = {https://www.openstreetmap.org},
year = {2021}
}
@article{Ortigosa2019,
author = {Ortigosa, Javier and Gayah, Vikash V. and Menendez, Monica},
doi = {10.1080/21680566.2017.1337528},
issn = {2168-0566},
journal = {Transportmetrica B: Transport Dynamics},
keywords = {DTA,STA,Urban traffic,grid networks,left turns,one-way streets,two-way streets},
mendeley-groups = {Urban Planning,to be read,Urban Simulators/paper BCN (pruning cities 01),Policy},
month = {dec},
number = {1},
pages = {61--81},
publisher = {Taylor and Francis Ltd.},
title = {{Analysis of one-way and two-way street configurations on urban grid networks}},
url = {https://www.tandfonline.com/doi/full/10.1080/21680566.2017.1337528},
volume = {7},
year = {2019}
}
@article{Ortigosa2015,
author = {Ortigosa, Javier and Menendez, Monica and Gayah, Vikash V.},
doi = {10.3141/2491-02},
issn = {0361-1981},
journal = {Transportation Research Record: Journal of the Transportation Research Board},
mendeley-groups = {Urban Simulators/paper BCN (pruning cities 01)},
month = {jan},
number = {1},
pages = {12--21},
publisher = {National Research Council},
title = {{Analysis of Network Exit Functions for Various Urban Grid Network Configurations}},
url = {http://journals.sagepub.com/doi/10.3141/2491-02},
volume = {2491},
year = {2015}
}
@inproceedings{Ortiz-Zamora2020,
author = {Ortiz-Zamora, Francisco J. and Bl{\'{a}}zquez-Parra, E. Beatriz and Castillo-Rueda, Francisca and Mora-Segado, Patricia and Ben{\'{i}}tez-Villaespesa, Francisco},
booktitle = {Lecture Notes in Mechanical Engineering},
doi = {10.1007/978-3-030-41200-5_60},
isbn = {9783030411992},
issn = {21954364},
keywords = {Contamination,GIS,Mobility,Open Data,Superblocks},
mendeley-groups = {Simulations and Crowds,Urban Simulators,to be read,Urban Planning,Urban Simulators/paper BCN (pruning cities 01)},
month = {jun},
pages = {544--553},
publisher = {Springer},
title = {{Analysis of the Application of the Superblocks Model in the Context of the PEMUS in the City of M{\'{a}}laga}},
url = {https://doi.org/10.1007/978-3-030-41200-5_60},
year = {2020}
}
@article{Pas1997,
author = {Pas, Eric I. and Principio, Shari L.},
doi = {10.1016/s0191-2615(96)00024-0},
issn = {01912615},
journal = {Transportation Research Part B: Methodological},
mendeley-groups = {Urban Simulators/paper BCN (pruning cities 01)},
month = {jun},
number = {3 PART B},
pages = {265--276},
publisher = {Elsevier Ltd},
title = {{Braess' paradox: Some new insights}},
volume = {31},
year = {1997}
}
@article{Peeta1995,
author = {Peeta, Srinivas and Mahmassani, Hani S.},
doi = {10.1007/BF02031941},
issn = {1572-9338},
journal = {Annals of Operations Research 1995 60:1},
keywords = {Combinatorics,Operations Research/Decision Theory,Theory of Computation},
mendeley-groups = {Urban Simulators/paper BCN (pruning cities 01)},
month = {dec},
number = {1},
pages = {81--113},
publisher = {Springer},
title = {{System optimal and user equilibrium time-dependent traffic assignment in congested networks}},
url = {https://link.springer.com/article/10.1007/BF02031941},
volume = {60},
year = {1995}
}
@article{Penchina1997,
author = {Penchina, Claude M.},
doi = {10.1016/S0965-8564(96)00032-8},
issn = {09658564},
journal = {Transportation Research Part A: Policy and Practice},
mendeley-groups = {Urban Simulators/paper BCN (pruning cities 01),Urban Simulators},
month = {sep},
number = {5},
pages = {379--388},
publisher = {Elsevier Ltd},
title = {{Braess paradox: Maximum penalty in a minimal critical network}},
url = {https://linkinghub.elsevier.com/retrieve/pii/S0965856496000328},
volume = {31},
year = {1997}
}
@phdthesis{PereiraMachado2020,
author = {{Pereira Machado}, Daniel},
keywords = {Microscopic Simulation,Route Assignment,Traffic Simulation Models,Transportation Planning},
mendeley-groups = {Urban Simulators/paper BCN (pruning cities 01)},
school = {Universidade do Porto},
title = {{Microscopic Traffic Assignment under Dynamic Demand}},
type = {Master Thesis},
year = {2020}
}
@article{Persula1999,
author = {Persula, Matti},
issn = {1435-5949},
journal = {Journal of Geographic Information and Decision Analysis},
keywords = {discrete simulation,object-orientated,object-oriented,simulation,simulators,transportation,virtual reality},
mendeley-groups = {Urban Simulators/paper BCN (pruning cities 01)},
number = {1},
pages = {1--8},
publisher = {The Nottingham Trent University \& The Society for Computer Simulation International (SCS)},
title = {{Simulation of Traffic Systems - An Overview}},
url = {https://research.aalto.fi/en/publications/simulation-of-traffic-systems-an-overview-2 https://publish.uwo.ca/$\sim$jmalczew/gida_5/Pursula/Pursula.html#Con},
volume = {3},
year = {1999}
}
@article{Piatkowski2013,
author = {Pia̧tkowski, Bart{\l}omiej and Maciejewski, Micha{\l}},
issn = {18960596},
journal = {Transport Problems},
mendeley-groups = {Urban Simulators/paper BCN (pruning cities 01)},
number = {2},
pages = {113--120},
title = {{Comparison of traffic assignment in visum and transport simulation in MATSim}},
volume = {8},
year = {2013}
}
@article{Porta2006,
author = {Porta, Sergio and Crucitti, Paolo and Latora, Vito},
doi = {10.1016/j.physa.2005.12.063},
journal = {Physica A},
keywords = {Scale-free networks,Structure of complex networks},
mendeley-groups = {Urban Simulators/paper BCN (pruning cities 01)},
pages = {853--866},
title = {{The network analysis of urban streets: A dual approach}},
url = {www.elsevier.com/locate/physa},
volume = {369},
year = {2006}
}
@book{Port00,
address = {Berlin},
author = {Portugali, Juval},
isbn = {9783642084812},
mendeley-groups = {CoCi,Urban Simulators/paper BCN (pruning cities 01)},
pages = {352},
publisher = {Springer},
title = {{Self-organization and the city}},
year = {2000}
}
@phdthesis{Pravednikova2019,
author = {Pravednikova, Aleksandra},
keywords = {multi-agent simulation,traffic flow,traffic simulation,urban planning,urbanism},
mendeley-groups = {Simulations and Crowds,Urban Planning,to be read,Urban Simulators,Urban Simulators/paper BCN (pruning cities 01)},
school = {Czech Technical University in Prague Faculty},
title = {{Estimating Impact of New Street Designs on Urban Traffic Flows by Computer Simulation}},
type = {Bachelor's Thesis},
year = {2019}
}
@article{Profesor,
author = {Profesor, El and Mar{\'{i}}a, D and Quintana, Mures},
mendeley-groups = {Urban Simulators/paper BCN (pruning cities 01)},
title = {{ANEXO 5 VISTO BUENO DEL TUTOR DEL TRABAJO FIN DE GRADO}}
}
@misc{PTVGroup,
author = {{PTV Group}},
mendeley-groups = {Urban Simulators/paper BCN (pruning cities 01)},
title = {{Product portfolio}},
url = {https://company.ptvgroup.com/en/products},
urldate = {2021-04-10}
}

@article{Rapelli2019,
author = {Rapelli, Marco and Casetti, Claudio and Gagliardi, Giandomenico},
doi = {10.1109/DS-RT47707.2019.8958652},
isbn = {9781728129235},
journal = {Proceedings - 2019 IEEE/ACM 23rd International Symposium on Distributed Simulation and Real Time Applications, DS-RT 2019},
keywords = {Large-Scale Traffic Simulation,Road Traffic Simulation,Transportation Modeling,Urban Mobility},
mendeley-groups = {Urban Simulators,Urban Simulators/paper BCN (pruning cities 01)},
publisher = {IEEE},
title = {{TuST: From Raw Data to Vehicular Traffic Simulation in Turin}},
year = {2019}
}


@article{Ren2019,
archivePrefix = {arXiv},
arxivId = {1801.01357},
author = {Ren, Xiao Long and Gleinig, Niels and Helbing, Dirk and Antulov-Fantulin, Nino},
doi = {10.1073/pnas.1806108116},
eprint = {1801.01357},
issn = {10916490},
journal = {Proceedings of the National Academy of Sciences of the United States of America},
keywords = {Complex systems,Network fragmentation,Network immunization,Robustness,Spectral partitioning},
mendeley-groups = {Urban Simulators/paper BCN (pruning cities 01)},
number = {14},
pages = {6554--6559},
pmid = {30877241},
publisher = {PNAS},
title = {{Generalized network dismantling}},
volume = {116},
year = {2019}
}
@article{Ribeiro2019,
author = {Ribeiro, Paulo J G and Ara{\'{u}}jo, Carlos M C and Gon{\c{c}}alves, Lu{\'{i}}s A P J and Dias, Gabriel J C and Cunto, Fl{\'{a}}vio J C},
issn = {1790-5079},
keywords = {Road safety,Traffic conflict,Traffic flow,Traffic simulation},
mendeley-groups = {Urban Simulators/paper BCN (pruning cities 01),Urban Simulators/pruning cities 02,Urban resilience,Urban Simulators/adaptive streets},
publisher = {WSEAS Press},
title = {{Micro-simulation of the impact of different speeds on safety road travel and urban travel time: case study in the city of Guimar{\~{a}}es}},
url = {http://repositorium.sdum.uminho.pt/handle/1822/62761 http://repositorium.sdum.uminho.pt/},
year = {2019}
}
@article{Rodriguez-Rey2021,
author = {Rodriguez-Rey, Daniel and Guevara, Marc and Linares, Ma Paz and Casanovas, Josep and Salmer{\'{o}}n, Juan and Soret, Albert and Jorba, Oriol and Tena, Carles and {P{\'{e}}rez Garc{\'{i}}a-Pando}, Carlos},
doi = {10.1016/j.trd.2021.102725},
issn = {13619209},
journal = {Transportation Research Part D: Transport and Environment},
keywords = {Barcelona,Driving dynamics,Traffic emissions modelling,Traffic simulation},
mendeley-groups = {Computational Design,Urban Planning,Urban Simulators/paper BCN (pruning cities 01),Urban Simulators,Urban Simulators/Teleworking},
month = {mar},
pages = {102725},
publisher = {Elsevier Ltd},
title = {{A coupled macroscopic traffic and pollutant emission modelling system for Barcelona}},
volume = {92},
year = {2021}
}
@article{Rojo2020,
author = {Rojo, Marta},
doi = {10.3390/su12145536},
issn = {20711050},
journal = {Sustainability (Switzerland)},
keywords = {Assignment models,Traffic simulation,Traffic studies,Transport planning},
mendeley-groups = {Urban Simulators/paper BCN (pruning cities 01)},
number = {14},
title = {{Evaluation of traffic assignment models through simulation}},
volume = {12},
year = {2020}
}
@techreport{Ronaldo2012,
author = {Ronaldo, Aji and taufiq Ismail, M},
keywords = {Technology,Transport Systems and Logistics,Transportteknik och logistik,teknik},
mendeley-groups = {Urban Simulators/paper BCN (pruning cities 01)},
title = {{COMPARISON OF THE TWO MICRO-SIMULATION SOFTWARE AIMSUN \& SUMO FOR HIGHWAY TRAFFIC MODELLING AJI RONALDO (aliro229) TAUFIQ ISMAIL (tauis485)}},
url = {http://www.ep.liu.se/.},
year = {2012}
}
@article{Roosta2021,
author = {Roosta, Maryam and Javadpoor, Masoud and Ebadi, Maryam},
doi = {10.1080/12265934.2021.1911676},
issn = {21616779},
journal = {https://doi.org/10.1080/12265934.2021.1911676},
keywords = {Network Analysis,UNA Framework,Urban Form,Urban Resilience,VIKOR},
mendeley-groups = {Urban Simulators/paper BCN (pruning cities 01),Urban Simulators/pruning cities 02,Urban resilience,Urban Simulators/adaptive streets},
publisher = {Routledge},
title = {{A study on street network resilience in urban areas by urban network analysis: comparative study of old, new and middle fabrics in shiraz}},
url = {https://www.tandfonline.com/doi/abs/10.1080/12265934.2021.1911676},
year = {2021}
}
@inproceedings{Rosen2015,
author = {Rosen, Roland and {Von Wichert}, Georg and Lo, George and Bettenhausen, Kurt D.},
booktitle = {IFAC-PapersOnLine},
doi = {10.1016/j.ifacol.2015.06.141},
issn = {24058963},
keywords = {Automation,Autonomy,Digital twin,Manufacturing,Simulation},
mendeley-groups = {Urban Simulators/paper BCN (pruning cities 01)},
month = {jan},
number = {3},
pages = {567--572},
publisher = {Elsevier},
title = {{About the importance of autonomy and digital twins for the future of manufacturing}},
volume = {28},
year = {2015}
}
@phdthesis{Roughgarden2002,
address = {Cambridge},
author = {Roughgarden, Tim},
booktitle = {Complexity Science},
mendeley-groups = {Urban Planning,Urban Simulators/paper BCN (pruning cities 01),to be read,Urban Simulators},
school = {Cornell University},
title = {{Selfish routing}},
year = {2002}
}
@book{Roughgarden2005,
address = {Cambridge, Mass.},
author = {Roughgarden, Tim},
isbn = {0262182432 9780262182430},
language = {English},
mendeley-groups = {Urban Simulators/paper BCN (pruning cities 01),Digital Twins/DT: Potential Limitations and Ethical Issues},
publisher = {MIT Press},
title = {{Selfish routing and the price of anarchy}},
year = {2005}
}
@inproceedings{Ruohomaki2018,
author = {Ruohomaki, Timo and Airaksinen, Enni and Huuska, Petteri and Kesaniemi, Outi and Martikka, Mikko and Suomisto, Jarmo},
booktitle = {9th International Conference on Intelligent Systems 2018: Theory, Research and Innovation in Applications, IS 2018 - Proceedings},
doi = {10.1109/IS.2018.8710517},
isbn = {9781538670972},
keywords = {Data model,Data platform,Sensor ontologies,Smart city,User participation},
mendeley-groups = {Urban Simulators/paper BCN (pruning cities 01),Data Analytics for Urban Design},
month = {jul},
pages = {155--161},
publisher = {Institute of Electrical and Electronics Engineers Inc.},
title = {{Smart City Platform Enabling Digital Twin}},
year = {2018}
}
@inproceedings{Saidallah2016,
author = {Saidallah, Mustapha and {El Fergougui}, Abdeslam and Elalaoui, Abdelbaki Elbelrhiti},
booktitle = {MATEC Web of Conferences},
doi = {10.1051/matecconf/20168105002},
editor = {Figueira, M. and Guo, Z.},
issn = {2261236X},
keywords = {chemistry,conference,engineering,materials,open access,proceedings},
mendeley-groups = {Urban Simulators/paper BCN (pruning cities 01)},
month = {oct},
pages = {05002},
publisher = {EDP Sciences},
title = {{A comparative study of urban road traffic simulators}},
url = {http://www.matec-conferences.org/10.1051/matecconf/20168105002},
volume = {81},
year = {2016}
}
@article{Salvador2007,
author = {Salvador, Stan and Chan, Philip},
doi = {10.3233/ida-2007-11508},
issn = {15714128},
journal = {Intelligent Data Analysis},
keywords = {Dynamic time warping,Time series,Time series alignment,Time series similarity},
mendeley-groups = {Urban Simulators/paper BCN (pruning cities 01)},
number = {5},
pages = {561--580},
title = {{Toward accurate dynamic time warping in linear time and space}},
volume = {11},
year = {2007}
}
@book{Schaur1991,
address = {Stuttgart},
author = {Schaur, Eda},
isbn = {3782820398 9783782820394},
mendeley-groups = {Urban Simulators,Urban Planning,Urban Simulators/paper BCN (pruning cities 01),Architecture},
pages = {256},
publisher = {Krämer},
title = {{Ungeplante Siedlungen. Charakteristische Merkmale - Wegesystem, Fl{\"{a}}chenteilung}},
url = {http://www.baufachinformation.de/artikel.jsp?v=206294},
year = {1991}
}
@article{Schlapfer2015,
archivePrefix = {arXiv},
arxivId = {1512.00946},
author = {Schl{\"{a}}pfer, Markus and Lee, Joey and Bettencourt, Lu{\'{i}}s M. A.},
eprint = {1512.00946},
mendeley-groups = {Urban Simulators/paper BCN (pruning cities 01),Urban Planning},
month = {dec},
title = {{Urban Skylines: building heights and shapes as measures of city size}},
url = {http://arxiv.org/abs/1512.00946},
year = {2015}
}

@article{Schrotter2020,
author = {Schrotter, Gerhard and H{\"{u}}rzeler, Christian},
doi = {10.1007/s41064-020-00092-2},
issn = {25122819},
journal = {PFG - Journal of Photogrammetry, Remote Sensing and Geoinformation Science},
keywords = {Architectural competition,Densification,Digital transformation in urban planning,Digital twin,Participation,Urban climate},
mendeley-groups = {Urban Planning,Urban Simulators,Data Analytics for Urban Design,Digital Twins,Digital Twins/DT: Potential Limitations and Ethical Issues,Urban Simulators/paper BCN (pruning cities 01)},
month = {feb},
number = {1},
pages = {99--112},
publisher = {Springer Science and Business Media Deutschland GmbH},
title = {{The Digital Twin of the City of Zurich for Urban Planning}},
volume = {88},
year = {2020}
}

@book{Schwartz2015,
address = {New York City NY, USA},
author = {Schwartz, Samuel I. and Rosen, William},
edition = {1},
isbn = {978-1-61039-565-6},
mendeley-groups = {Urban Simulators/paper BCN (pruning cities 01)},
publisher = {Public Affairs},
title = {{Street Smart: the rise of cities and the fall of cars}},
year = {2015}
}
@article{Schweizer2021,
author = {Schweizer, Joerg and Poliziani, Cristian and Rupi, Federico and Morgano, Davide and Magi, Mattia},
doi = {10.3390/ijgi10030165},
journal = {ISPRS International Journal of Geo-Information},
keywords = {agent-based,big data,gps traces,gtfs,large scale,micro-simulation,mode choice model,openstreetmap,sumo},
mendeley-groups = {Urban Simulators/paper BCN (pruning cities 01)},
number = {3},
pages = {165},
title = {{Building a Large-Scale Micro-Simulation Transport Scenario Using Big Data}},
volume = {10},
year = {2021}
}
@misc{Sepasgozar2021,
author = {Sepasgozar, Samad M.E.},
booktitle = {Buildings},
doi = {10.3390/buildings11040151},
issn = {20755309},
keywords = {Blockchain,Construc-tion,Cyber-physical,Deep learning,Digital shadow,Digital twin,Energy,Engineering,Intelligent construction 4.0,Internet of things,Sensor,Smart city},
mendeley-groups = {Urban Simulators/paper BCN (pruning cities 01)},
month = {apr},
number = {4},
pages = {151},
publisher = {Multidisciplinary Digital Publishing Institute},
title = {{Differentiating digital twin from digital shadow: Elucidating a paradigm shift to expedite a smart, sustainable built environment}},
url = {https://www.mdpi.com/2075-5309/11/4/151/htm https://www.mdpi.com/2075-5309/11/4/151},
volume = {11},
year = {2021}
}
@techreport{Shafto2012,
address = {Washington, D.C.},
author = {Shafto, Mike and Conroy, Mike and Doyle, Rich and Glaessgen, Ed and Kemp, Chris and LeMoigne, Jacqueline and Wang, Lui},
institution = {National Aeronautics and Space Administration (NASA)},
mendeley-groups = {Urban Simulators/paper BCN (pruning cities 01)},
pages = {27},
title = {{DRAFT Modelling, simulation, information technology \& processing roadmap - Technology Area 11}},
url = {https://www.nasa.gov/pdf/501321main_TA11-MSITP-DRAFT-Nov2010-A1.pdf},
year = {2012}
}
@article{Smith1995,
author = {Smith, M J and Wisten, M B},
journal = {Annals of Operations Research},
keywords = {Dynamical traffic assignment,Lyapunov function,dynamical system,user-equilibrium},
mendeley-groups = {Urban Simulators/paper BCN (pruning cities 01)},
pages = {59--79},
title = {{A continuous day-to-day traffic assignment model and the existence of a continuous dynamic user equilibrium}},
volume = {60},
year = {1995}
}
@inproceedings{Soares2014,
author = {Soares, Joao and Lobo, Cristina and Vale, Zita and {De Moura Oliveira}, P. B.},
booktitle = {IEEE Power and Energy Society General Meeting},
doi = {10.1109/PESGM.2014.6939088},
issn = {19449933},
keywords = {Electric buses,Electric vehicles,Simulation,Traffic simulation},
mendeley-groups = {Urban Simulators/paper BCN (pruning cities 01)},
month = {oct},
number = {October},
publisher = {IEEE Computer Society},
title = {{Realistic traffic scenarios using a census methodology: Vila real case study}},
volume = {2014-Octob},
year = {2014}
}
@article{Sole-Ribalta2016,
archivePrefix = {arXiv},
arxivId = {1604.07728},
author = {Sol{\'{e}}-Ribalta, Albert and G{\'{o}}mez, Sergio and Arenas, Alex},
doi = {10.1098/rsos.160098},
eprint = {1604.07728},
issn = {20545703},
journal = {Royal Society Open Science},
keywords = {Complex networks,Congestion model,Phase transitions physics},
mendeley-groups = {Urban Simulators,to be read,Urban Planning,Urban Simulators/paper BCN (pruning cities 01)},
month = {oct},
number = {10},
pages = {160098},
publisher = {Royal Society Publishing},
title = {{A model to identify urban traffic congestion hotspots in complex networks}},
url = {https://royalsocietypublishing.org/doi/10.1098/rsos.160098},
volume = {3},
year = {2016}
}
@misc{Sources:Esri2021,
author = {{Sources: Esri} and DigitalGlobe and GeoEye and I-cubed and {USDA FSA} and USGS and AEX and Getmapping and Aerogrid and IGN and IGP and Swisstopo and GIS users community},
mendeley-groups = {Urban Simulators/paper BCN (pruning cities 01)},
title = {{Esri World Imagery}},
year = {2021}
}
@misc{Sources:GoogleInc.2021,
author = {{Sources: Google Inc.} and {Landsat / Copernicus} and {Data SIO} and NOAA and {U.S. Navy} and NGA and GEBCO and TerraMetrics},
mendeley-groups = {Urban Simulators/paper BCN (pruning cities 01)},
publisher = {Google Inc.},
title = {{Google Maps Satellite imagery layer}},
year = {2021}
}
@misc{Sources:NASA2021,
author = {{Sources: NASA} and USGS and Other commercial providers},
mendeley-groups = {Urban Simulators/paper BCN (pruning cities 01)},
publisher = {Mapbox},
title = {{Mapbox Satellite}},
url = {https://www.mapbox.com/maps/satellite},
year = {2021}
}
@misc{Steinberg1983,
author = {Steinberg, Richard and Zangwill, Willard I.},
booktitle = {Transportation Science},
doi = {10.1287/trsc.17.3.301},
issn = {00411655},
mendeley-groups = {Urban Simulators/paper BCN (pruning cities 01)},
number = {3},
pages = {301--318},
title = {{Prevalence of Braess' Paradox.}},
volume = {17},
year = {1983}
}
@article{Stewart1980,
author = {Stewart, N. F.},
doi = {10.1016/0191-2607(80)90108-9},
issn = {01912607},
journal = {Transportation Research Part A: General},
mendeley-groups = {Urban Simulators/paper BCN (pruning cities 01)},
month = {apr},
number = {2},
pages = {81--84},
publisher = {Pergamon},
title = {{Equilibrium vs system-optimal flow: Some examples}},
volume = {14},
year = {1980}
}

@misc{Tao2019,
author = {Tao, Fei and Qi, Qinglin},
booktitle = {Nature},
doi = {10.1038/d41586-019-02849-1},
issn = {14764687},
keywords = {Computer science,Industry,Technology},
mendeley-groups = {Data Analytics for Urban Design,Digital Twins,Urban Simulators/paper BCN (pruning cities 01)},
month = {sep},
number = {7775},
pages = {490--491},
pmid = {31554984},
publisher = {Nature Publishing Group},
title = {{Make more digital twins}},
url = {https://www.nature.com/articles/d41586-019-02849-1},
volume = {573},
year = {2019}
}


@article{Tawfeek2019,
author = {Tawfeek, Mostafa H. and {El Esawey}, Mohamed and El-Araby, Khaled and Abdel-Latif, Hatem},
isbn = {9781510889712},
journal = {12th International Transportation Specialty Conference 2018, Held as Part of the Canadian Society for Civil Engineering Annual Conference 2018},
keywords = {Calibration and Validation,Micro-simulation models,VISSIM},
mendeley-groups = {Urban Simulators/paper BCN (pruning cities 01)},
number = {June},
pages = {12--22},
title = {{Calibration and validation of micro-simulation models using measurable variables}},
year = {2019}
}
@inproceedings{Tennøy2016,
author = {Tenn{\o}y, Aud and Wangsness, Paal B. and Aarhaug, J{\o}rgen and Gregersen, Fredrik Alexander},
booktitle = {Transportation Research Procedia},
doi = {10.1016/j.trpro.2016.12.063},
issn = {23521465},
keywords = {Reduction of urban road capacity,behavioural adaption,delays,traffic volumes},
mendeley-groups = {Urban Planning,Urban Simulators/paper BCN (pruning cities 01),Urban Simulators},
month = {dec},
pages = {4--17},
publisher = {Elsevier B.V.},
title = {{Experiences with Capacity Reductions on Urban Main Roads - Rethinking Allocation of Urban Road Capacity?}},
volume = {19},
year = {2016}
}
@article{Thunig2016,
author = {Thunig, Theresa and Nagel, Kai},
doi = {10.1016/j.procs.2016.04.190},
issn = {18770509},
journal = {Procedia Computer Science},
keywords = {Braess's paradox,agent-based simulation,price of anarchy,spill back effects},
mendeley-groups = {Urban Simulators/paper BCN (pruning cities 01)},
pages = {946--951},
publisher = {Elsevier Masson SAS},
title = {{Braess's Paradox in an Agent-based Transport Model}},
url = {http://dx.doi.org/10.1016/j.procs.2016.04.190},
volume = {83},
year = {2016}
}
@misc{Tilg2020,
author = {Tilg, Gabriel and Bogenberger, Klaus and Amb{\"{u}}hl, Lukas and Men{\'{e}}ndez, M{\'{o}}nica},
booktitle = {SUMO Conference 2020},
mendeley-groups = {Urban Simulators/paper BCN (pruning cities 01)},
title = {{SUMO Generating and calibrating large-scale, mesoscopic SUMO network}},
url = {https://www.youtube.com/watch?v=ODMVjgf-Lrw},
year = {2020}
}
@misc{Tomko2019,
author = {Tomko, Martin and Winter, Stephan},
booktitle = {Environment and Planning B: Urban Analytics and City Science},
doi = {10.1177/2399808318816992},
issn = {23998091},
mendeley-groups = {Urban Simulators/paper BCN (pruning cities 01)},
month = {dec},
number = {2},
pages = {395--399},
publisher = {SAGE PublicationsSage UK: London, England},
title = {{Beyond digital twins – A commentary}},
url = {https://journals.sagepub.com/doi/10.1177/2399808318816992},
volume = {46},
year = {2019}
}
@book{Treiber2013,
address = {Berlin, Heidelberg},
author = {Treiber, Martin and Kesting, Arne},
booktitle = {Traffic Flow Dynamics: Data, Models and Simulation},
doi = {10.1007/978-3-642-32460-4},
isbn = {9783642324604},
mendeley-groups = {Computational Design,Urban Planning,Urban Simulators/paper BCN (pruning cities 01),Urban Simulators},
pages = {1--503},
publisher = {Springer},
title = {{Traffic flow dynamics: Data, models and simulation}},
year = {2013}
}
@article{Tsekeris2013,
author = {Tsekeris, Theodore and Geroliminis, Nikolas},
doi = {10.1016/j.jue.2013.01.002},
issn = {00941190},
journal = {Journal of Urban Economics},
keywords = {City size,Land use,Macroscopic fundamental diagram,Traffic congestion dynamics,Transport network},
mendeley-groups = {Simulations and Crowds,Urban Simulators/paper BCN (pruning cities 01),Urban Simulators,Urban Planning,Data Analytics for Urban Design},
month = {jul},
number = {1},
pages = {1--14},
publisher = {Academic Press},
title = {{City size, network structure and traffic congestion}},
url = {https://linkinghub.elsevier.com/retrieve/pii/S0094119013000119},
volume = {76},
year = {2013}
}
@techreport{Ullah2021,
author = {Ullah, M Rehmat and Khattak, Khurram S and Khan, Zawar H and Khan, Mushtaq A and Minallah, Nasru and Khan, Akhtar N},
booktitle = {Pakistan Journal of Engineering and Technology},
doi = {10.51846/PAKISTAN J ENGG \& TECH.V4I01.686},
issn = {2664-2050},
keywords = {Index Terms-Intelligent Transportation System,Traffic Simulation Software,traffic flow,traffic modeling},
mendeley-groups = {Urban Simulators/paper BCN (pruning cities 01)},
month = {mar},
number = {01},
pages = {2021},
title = {{Vehicular Traffic Simulation Software: A Systematic Comparative Analysis}},
url = {https://www.hpej.net/journals/index.php/pakjet/article/view/686},
volume = {4},
year = {2021}
}
@article{Uppoor2011,
author = {Uppoor, Sandesh and Fiore, Marco},
doi = {10.1109/VNC.2011.6117125},
isbn = {9781467300476},
issn = {21579857},
journal = {IEEE Vehicular Networking Conference, VNC},
mendeley-groups = {Urban Simulators/paper BCN (pruning cities 01)},
pages = {62--69},
title = {{Large-scale urban vehicular mobility for networking research}},
year = {2011}
}
@article{Uppoor2014,
author = {Uppoor, Sandesh and Trullols-Cruces, Oscar and Fiore, Marco and Barcelo-Ordinas, Jose M.},
doi = {10.1109/TMC.2013.27},
issn = {15361233},
journal = {IEEE Transactions on Mobile Computing},
keywords = {Communication/Networking and Information Technolog,Computer Systems Organization,Mobile Computing,Mobile environments,Network Architecture and Design,Wireless communication},
mendeley-groups = {Urban Simulators,Urban Simulators/paper BCN (pruning cities 01)},
number = {5},
pages = {1061--1075},
publisher = {Institute of Electrical and Electronics Engineers Inc.},
title = {{Generation and analysis of a large-scale urban vehicular mobility dataset}},
volume = {13},
year = {2014}
}
@inproceedings{Urquiza-Aguiar2019,
address = {New York, New York, USA},
author = {Urquiza-Aguiar, Luis F. and Bautista, Pablo Barbecho and G{\'{o}}mez, William Coloma and Calder{\'{o}}n, Xavier},
booktitle = {PE-WASUN 2019 - Proceedings of the 16th ACM International Symposium on Performance Evaluation of Wireless Ad Hoc, Sensor, and Ubiquitous Networks},
doi = {10.1145/3345860.3361521},
isbn = {9781450369084},
keywords = {Realistic traces,SUMO,Vehicular demand,Vehicular traffic},
mendeley-groups = {Urban Simulators,Urban Simulators/paper BCN (pruning cities 01)},
month = {nov},
pages = {15--22},
publisher = {Association for Computing Machinery, Inc},
title = {{Comparison of traffic demand generation tools in SUMO. Case study: Access highways to Quito}},
url = {http://dl.acm.org/citation.cfm?doid=3345860.3361521},
volume = {19},
year = {2019}
}
@article{Urquiza-Aguiar2020,
author = {Urquiza-Aguiar, Luis and Coloma-G{\'{o}}mez, William and {Barbecho Bautista}, Pablo and Calder{\'{o}}n-Hinojosa, Xavier},
doi = {10.1016/j.adhoc.2020.102217},
issn = {15708705},
journal = {Ad Hoc Networks},
keywords = {Intelligent transportation systems,Network metrics,Realistic vehicular traces,SUMO,VANET},
mendeley-groups = {Urban Simulators,Urban Simulators/paper BCN (pruning cities 01)},
month = {sep},
pages = {102217},
publisher = {Elsevier B.V.},
title = {{Comparison of SUMO's vehicular demand generators in vehicular communications via graph-theory metrics}},
volume = {106},
year = {2020}
}
@article{VanderGraaf2019,
author = {van der Graaf, Shenja and Ballon, Pieter},
doi = {10.1016/j.techfore.2018.07.027},
issn = {00401625},
journal = {Technological Forecasting and Social Change},
keywords = {(social) navigation applications,Mediatisation,Participation,Platformisation,Smart city,Urban planning},
mendeley-groups = {Urban Simulators/paper BCN (pruning cities 01),Urban Planning,Urban Simulators},
month = {may},
pages = {364--372},
publisher = {Elsevier Inc.},
title = {{Navigating platform urbanism}},
volume = {142},
year = {2019}
}
@article{VanEssen2016,
author = {van Essen, Mariska and Thomas, Tom and van Berkum, Eric and Chorus, Caspar},
doi = {10.1080/01441647.2015.1125399},
issn = {14645327},
journal = {Transport Reviews},
keywords = {Travel information,bounded rationality,choice behaviour,literature review,non-selfish behaviour,system optimum,user equilibrium},
mendeley-groups = {Urban Planning,Urban Simulators/paper BCN (pruning cities 01),to be read,Urban Simulators},
month = {jul},
number = {4},
pages = {527--548},
publisher = {Routledge},
title = {{From user equilibrium to system optimum: a literature review on the role of travel information, bounded rationality and non-selfish behaviour at the network and individual levels}},
url = {https://www.tandfonline.com/doi/full/10.1080/01441647.2015.1125399},
volume = {36},
year = {2016}
}
@inproceedings{Varschen2006,
address = {Aachen, Germany},
author = {Varschen, Christian and Wagner, Peter},
booktitle = {7. Aachener Kolloqium "Mobilit{\"{a}}t und Stadt" (AMUS 2006). Aachen, Germany, 7-9 September 2006. Integrierte Mikro-Simulation von Raum-und Verkehrsentwicklung. Theorie, Konzepte, Modelle, Praxis.},
issn = {0344-9645},
mendeley-groups = {Urban Simulators/paper BCN (pruning cities 01)},
pages = {63--69},
publisher = {Institut f{\"{u}}r Stadtbauwesen und Stadtverkehr, RWTH Aachen},
title = {{Mikroskopische Modellierung der Personenverkehrsnachfrage auf Basis von Zeitverwendungstageb{\"{u}}chern}},
volume = {81},
year = {2006}
}
@book{alma990009089600205503,
address = {New York [etc},
author = {Vavasis, Stephen A.},
booktitle = {Nonlinear optimization complexity issues},
isbn = {0195072081},
keywords = {ALGORITHMISCHE KOMPLEXITÄT (MATHEMATIK)},
mendeley-groups = {Urban Simulators/paper BCN (pruning cities 01)},
publisher = {Oxford University Press},
series = {The International series of monographs on computer science 8},
title = {{Nonlinear optimization : complexity issues}},
year = {1991}
}
@article{Wan2017,
author = {Wan, Taili and Lu, Hongyang and Lu, Qikai and Luo, Nianxue},
doi = {10.1109/LGRS.2017.2762466},
issn = {1545598X},
journal = {IEEE Geoscience and Remote Sensing Letters},
keywords = {Classification,OpenStreetMap (OSM),high-resolution image,road superimposition},
mendeley-groups = {Urban Simulators/paper BCN (pruning cities 01)},
month = {dec},
number = {12},
pages = {2305--2309},
publisher = {Institute of Electrical and Electronics Engineers Inc.},
title = {{Classification of High-Resolution Remote-Sensing Image Using OpenStreetMap Information}},
volume = {14},
year = {2017}
}
@article{Wang2019,
author = {Wang, Peng and Yang, Mei and Peng, Yong and Zhu, Jiancheng and Ju, Rusheng and Yin, Quanjun},
doi = {10.3390/E21080767},
issn = {10994300},
journal = {Entropy 2019, Vol. 21, Page 767},
keywords = {Bayesian inference,anti,data assimilation,digital twin,online sensor control,random finite set (RFS),sequential Monte Carlo (SMC),submarine warfare (ASW)},
mendeley-groups = {Urban Simulators/paper BCN (pruning cities 01)},
month = {aug},
number = {8},
pages = {767},
publisher = {Multidisciplinary Digital Publishing Institute},
title = {{Sensor Control in Anti-Submarine Warfare—A Digital Twin and Random Finite Sets Based Approach}},
url = {https://www.mdpi.com/1099-4300/21/8/767/htm https://www.mdpi.com/1099-4300/21/8/767},
volume = {21},
year = {2019}
}
@article{Wang2017,
author = {Wang, Xuesong and You, Shikai and Wang, Ling},
doi = {10.1016/j.jtrangeo.2016.11.013},
issn = {09666923},
journal = {Journal of Transport Geography},
keywords = {Geometric metrics,Multinomial logit model,Road network patterns,Topologic metrics,Traffic analysis zone},
mendeley-groups = {Simulations and Crowds,Urban Simulators/paper BCN (pruning cities 01),Urban Simulators,Urban Planning,Data Analytics for Urban Design},
month = {jan},
pages = {104--112},
publisher = {Elsevier Ltd},
title = {{Classifying road network patterns using multinomial logit model}},
volume = {58},
year = {2017}
}
@inproceedings{Wardrop1952,
author = {Wardrop, John Glen},
booktitle = {Proceedings of the Institution of Engineeers},
mendeley-groups = {Urban Simulators/paper BCN (pruning cities 01)},
number = {3},
pages = {325--362},
title = {{Some theoretical aspects of road traffic}},
volume = {1},
year = {1952}
}

@incollection{Wegener2014,
author = {Wegener, Michael},
booktitle = {Handbook of Regional Science},
doi = {10.1007/978-3-642-23430-9_41},
edition = {1},
isbn = {9783642234309},
mendeley-groups = {Urban Simulators/Teleworking,Urban Planning,Urban Simulators/paper BCN (pruning cities 01)},
pages = {741--758},
publisher = {Springer-Verlag Berlin Heidelberg},
title = {{Land-use transport interaction models}},
url = {https://doi.org/10.1007/978-3-642-36203-3_41-1},
year = {2014}
}

@incollection{Wegener2021Land-UseModels,
    title = {{Land-Use Transport Interaction Models}},
    year = {2021},
    booktitle = {Handbook of Regional Science},
    author = {Wegener, Michael},
    pages = {229--246},
    publisher = {Springer Berlin Heidelberg},
    url = {https://doi.org/10.1007/978-3-662-60723-7_41},
    address = {Berlin, Heidelberg},
    isbn = {9783662607237},
    doi = {10.1007/978-3-662-60723-7{\_}41},
    keywords = {Equilibrium vs. dynamic models, Land use and transport policies, Macro vs. micro models, Urban land-use transport interaction}
}

@article{Wei2020,
author = {Wei, Long and Yu, Zhengxu and Jin, Zhongming and Xie, Liang and Huang, Jianqiang and Cai, Deng and He, Xiaofei and Hua, Xian-Sheng},
doi = {10.1109/access.2019.2958380},
issn = {2169-3536},
journal = {IEEE Access},
mendeley-groups = {Urban Simulators/paper BCN (pruning cities 01),to be read,Urban Simulators},
month = {apr},
pages = {1--1},
publisher = {Institute of Electrical and Electronics Engineers (IEEE)},
title = {{Dual Graph for Traffic Forecasting}},
year = {2020}
}
@book{Weiner2013,
author = {Weiner, Edward},
booktitle = {Urban Transportation Planning in the United States},
doi = {10.1007/978-1-4614-5407-6},
mendeley-groups = {Urban Simulators/paper BCN (pruning cities 01),Urban Planning,Policy},
title = {{Urban Transportation Planning in the United States}},
year = {2013}
}
@article{Wen2017,
author = {Wen, Tzai Hung and Chin, Wei Chien Benny and Lai, Pei Chun},
doi = {10.1016/j.physa.2017.01.035},
issn = {03784371},
journal = {Physica A: Statistical Mechanics and its Applications},
keywords = {Mobility,Network topology,PageRank algorithm,Traffic congestion},
mendeley-groups = {Urban Simulators/paper BCN (pruning cities 01),Urban Planning,Urban Simulators},
month = {may},
pages = {166--177},
publisher = {Elsevier B.V.},
title = {{Understanding the topological characteristics and flow complexity of urban traffic congestion}},
volume = {473},
year = {2017}
}
@incollection{Wen2017a,
author = {Wen, Tzai-Hung and Chin, Wei-Chien-Benny and Lai, Pei-Chun},
doi = {10.1007/978-3-319-46164-9_10},
mendeley-groups = {Urban Simulators/paper BCN (pruning cities 01),Urban Planning,Urban Simulators},
pages = {203--220},
publisher = {Springer, Cham},
title = {{Link Structure Analysis of Urban Street Networks for Delineating Traffic Impact Areas}},
url = {https://link.springer.com/chapter/10.1007/978-3-319-46164-9_10},
year = {2017}
}
@article{White2021,
author = {White, Gary and Zink, Anna and Codec{\'{a}}, Lara and Clarke, Siobh{\'{a}}n},
doi = {10.1016/j.cities.2020.103064},
issn = {02642751},
journal = {Cities},
keywords = {Digital twin,Internet of things (IoT),Smart cities,Urban planning,Urban policy},
mendeley-groups = {Urban Simulators/paper BCN (pruning cities 01),Data Analytics for Urban Design},
month = {mar},
pages = {103064},
publisher = {Pergamon},
title = {{A digital twin smart city for citizen feedback}},
volume = {110},
year = {2021}
}
@article{Wiedeman2018,
author = {Wiedeman, Carolin},
journal = {Frankfurter Allgemeine Zeitung. Die Digitale Stadt.},
mendeley-groups = {Urban Simulators/paper BCN (pruning cities 01),Newspapers articles},
month = {nov},
title = {{Politik in Barcelona: Die Insel der Hoffnung}},
url = {https://www.faz.net/aktuell/stil/drinnen-draussen/politik-in-barcelona-die-insel-der-hoffnung-15862651.html},
year = {2018}
}
@misc{wiki:xxx,
author = {{Wiki OpenStreetMap}},
mendeley-groups = {Urban Simulators/paper BCN (pruning cities 01)},
title = {{Overpass API/Overpass QL --- OpenStreetMap Wiki}},
url = {https://wiki.openstreetmap.org/w/index.php?title=Overpass_API/Overpass_QL&oldid=2180487},
year = {2021}
}

@article{Wildfire2018,
author = {Wildfire, Clare},
journal = {Infrastructure Intelligence},
mendeley-groups = {Data Analytics for Urban Design,Digital Twins,Urban Simulators/paper BCN (pruning cities 01)},
month = {may},
title = {{How can we spearhead city-scale digital twins?}},
url = {http://www.infrastructure-intelligence.com/article/may-2018/how-can-we-spearhead-city-scale-digital-twins},
year = {2018}
}

@article{Wilson2018,
author = {Wilson, Alan},
doi = {10.1007/s12061-018-9258-6},
issn = {1874-463X},
journal = {Applied Spatial Analysis and Policy},
keywords = {City planning,Defence,Dynamics,History,Urban modelling},
mendeley-groups = {Computational Design,Urban Planning,Urban Simulators/paper BCN (pruning cities 01),Urban Simulators},
month = {dec},
number = {4},
pages = {647--655},
publisher = {Springer Netherlands},
title = {{The Future of Urban Modelling}},
url = {http://link.springer.com/10.1007/s12061-018-9258-6},
volume = {11},
year = {2018}
}
@article{Xie2009,
author = {Xie, Feng and Levinson, David},
doi = {10.1016/j.compenvurbsys.2008.09.009},
issn = {01989715},
journal = {Computers, Environment and Urban Systems},
keywords = {Degeneration,Evolution,Simulation,Surface transportation network,Topology},
mendeley-groups = {Urban Simulators/paper BCN (pruning cities 01)},
number = {3},
pages = {211--223},
publisher = {Elsevier Ltd},
title = {{Topological evolution of surface transportation networks}},
url = {http://dx.doi.org/10.1016/j.compenvurbsys.2008.09.009},
volume = {33},
year = {2009}
}
@article{Xie2007,
author = {Xie, Feng and Levinson, David},
doi = {10.1111/j.1538-4632.2007.00707.x},
issn = {0016-7363},
journal = {Geographical Analysis},
mendeley-groups = {Simulations and Crowds,Urban Simulators/paper BCN (pruning cities 01),Urban Simulators,Urban Planning,Data Analytics for Urban Design},
month = {jul},
number = {3},
pages = {336--356},
title = {{Measuring the Structure of Road Networks}},
url = {http://doi.wiley.com/10.1111/j.1538-4632.2007.00707.x},
volume = {39},
year = {2007}
}
@article{Youn.etal.2008,
archivePrefix = {arXiv},
arxivId = {0712.1598},
author = {Youn, Hyejin and Gastner, Michael T. and Jeong, Hawoong},
doi = {10.1103/PhysRevLett.101.128701},
eprint = {0712.1598},
issn = {00319007},
journal = {Physical Review Letters},
mendeley-groups = {Urban Simulators/paper BCN (pruning cities 01),Urban Planning,Urban Simulators},
month = {dec},
number = {12},
title = {{Price of anarchy in transportation networks: Efficiency and optimality control}},
url = {http://arxiv.org/abs/0712.1598 http://dx.doi.org/10.1103/PhysRevLett.101.128701},
volume = {101},
year = {2008}
}
@article{Yu2017,
author = {Yu, Miao and {(David) Fan}, Wei},
doi = {10.1016/j.ijtst.2017.05.001},
issn = {20460449},
journal = {International Journal of Transportation Science and Technology},
keywords = {Calibration,Genetic algorithm,Microscopic traffic simulation model,Tabu Search,Warm start},
mendeley-groups = {Urban Simulators/paper BCN (pruning cities 01)},
number = {1},
pages = {63--77},
publisher = {Tongji University and Tongji University Press},
title = {{Calibration of microscopic traffic simulation models using metaheuristic algorithms}},
url = {http://dx.doi.org/10.1016/j.ijtst.2017.05.001},
volume = {6},
year = {2017}
}
@article{Zanin2018,
author = {Zanin, Massimiliano and Sun, Xiaoqian and Wandelt, Sebastian},
doi = {10.1155/2018/3156137},
issn = {20423195},
journal = {Journal of Advanced Transportation},
mendeley-groups = {Urban Simulators,Urban Planning,Urban Simulators/paper BCN (pruning cities 01)},
publisher = {Hindawi Limited},
title = {{Studying the Topology of Transportation Systems through Complex Networks: Handle with Care}},
volume = {2018},
year = {2018}
}
@article{Zhang2020,
author = {Zhang, Lingxuan and Menendez, Monica},
doi = {10.1061/(asce)up.1943-5444.0000580},
issn = {0733-9488},
journal = {Journal of Urban Planning and Development},
keywords = {Author keywords: Urban planning,Block size,Dynamic traffic assignment,Open blocks,Superblocks,Traffic performance},
mendeley-groups = {Urban Planning,Urban Simulators,Simulations and Crowds,Urban Simulators/paper BCN (pruning cities 01)},
month = {sep},
number = {3},
pages = {04020021},
publisher = {American Society of Civil Engineers (ASCE)},
title = {{Modeling and Evaluating the Impact of City Block Size on Traffic Performance}},
url = {https://orcid.org/0000-0001-5701-0523.},
volume = {146},
year = {2020}
}
@article{Zhang2020,
author = {Zhang, Lingxuan and Menendez, Monica and Shuai, Bin},
doi = {10.1109/ACCESS.2020.2991313},
issn = {21693536},
journal = {IEEE Access},
keywords = {Urban traffic,block size,node removal,superblocks,traffic performance},
mendeley-groups = {Urban Simulators/paper BCN (pruning cities 01),Urban Planning,Urban Simulators},
pages = {84996--85006},
publisher = {Institute of Electrical and Electronics Engineers Inc.},
title = {{A Quantitative Analysis of Superblocks Based on Node Removal}},
volume = {8},
year = {2020}
}
@article{Zhao2012,
author = {Zhao, Yunjie and Sadek, Adel W.},
doi = {10.1016/J.PROCS.2012.06.105},
issn = {1877-0509},
journal = {Procedia Computer Science},
keywords = {Agent-based,Inclement Weather,Micro Simulation,TRANSIMS},
mendeley-groups = {Urban Simulators/paper BCN (pruning cities 01),Digital Twins,Urban Simulators},
month = {jan},
pages = {815--820},
publisher = {Elsevier},
title = {{Large-scale Agent-based Traffic Micro-simulation: Experiences with Model Refinement, Calibration, Validation and Application}},
volume = {10},
year = {2012}
}
@article{Zhou2012,
author = {Zhou, Zhong and Chen, Anthony and Bekhor, Shlomo},
doi = {10.1080/18128600903489629},
isbn = {1812860090348},
issn = {18128602},
journal = {Transportmetrica},
keywords = {C-logit,gradient projection,mathematical program,stochastic user equilibrium,variational inequality},
mendeley-groups = {Urban Simulators/paper BCN (pruning cities 01)},
number = {1},
pages = {17--41},
title = {{C-logit stochastic user equilibrium model: formulations and solution algorithm}},
volume = {8},
year = {2012}
}
@article{Zhuge123,
author = {Zhuge, Chengxiang and Bithell, Mike and Shao, Chunfu and Li, Xia and Gao, Jian},
doi = {10.1007/s11116-019-10048-0},
isbn = {0123456789},
journal = {Transportation},
keywords = {Activity-based model,Agent-based model,Computing time,Dynamic traffic assignment,Large-scale simulation,MATSim,Varying time step-based approach},
mendeley-groups = {Urban Simulators/paper BCN (pruning cities 01),Digital Twins,Urban Simulators},
title = {{An improvement in MATSim computing time for large-scale travel behaviour microsimulation}},
url = {https://doi.org/10.1007/s11116-019-10048-0},
year = {123}
}
@article{Zografos2020,
author = {Zografos, Christos and Klause, Kai A. and Connolly, James J.T. and Anguelovski, Isabelle},
doi = {10.1016/j.cities.2020.102613},
issn = {02642751},
journal = {Cities},
keywords = {Authority,Climate change governance,Competitive urbanism,Mobility planning,Superblock,Transformational adaptation},
mendeley-groups = {Policy,Urban Planning,Urban Simulators/paper BCN (pruning cities 01),Urban Simulators/pruning cities 02},
month = {apr},
pages = {102613},
publisher = {Elsevier Ltd},
title = {{The everyday politics of urban transformational adaptation: Struggles for authority and the Barcelona superblock project}},
volume = {99},
year = {2020}
}
