@book{AgenciadEcologiaUrbanadeBarcelona2021,
address = {Barcelona},
author = {{Ag{\`{e}}ncia d'Ecologia Urbana de Barcelona} and {Barcelona Regional Ag{\`{e}}ncia de Desenvolupament Urb{\`{a}}}, S.A. and {{\`{A}}rea Metropolitana de Barcelona} and {Diputaci{\'{o}} de Barcelona}},
file = {:C\:/Library/Unknown - Unknown - E L G C C O I N O A B.pdf:pdf},
keywords = {Ag{\`{e}}ncia d'Ecologia Urbana de Barcelona,Circular economy,Desarrollo urbano sostenible,Desenvolupament urb{\`{a}} sostenible,Economia circular,Econom{\'{i}}a circular,Environment,Espacios p{\'{u}}blicos,Espais p{\'{u}}blics,Medi ambient,Medio ambiente,Mobilitat sostenible,Movilidad sostenible,Pedestrian zones,Public spaces,Sustainable mobility,Sustainable urban development,Zonas peatonales,Zones de vianants,monografies},
mendeley-groups = {Urban Simulators/pruning cities 02,Urban Planning,Architecture},
pages = {201},
publisher = {Ajuntament de Barcelona},
title = {{BCNecologia : 20 a{\~{n}}os de la Agencia de Ecolog{\'{i}}a Urbana de Barcelona}},
url = {http://hdl.handle.net/11703/122998 https://bcnroc.ajuntament.barcelona.cat/jspui/handle/11703/122998},
year = {2021}
}

@techreport{AjuntamentdeBarcelona2021SUPERBLOCKBCN,
author = {{Ajuntament de Barcelona}},
file = {:C\:/Library/Unknown - 2021 - SUPERBLOCK BARCELONA Towards the city we want.pdf:pdf},
institution = {Ajuntament de Barcelona},
mendeley-groups = {Urban Planning,Urban Simulators/paper BCN (pruning cities 01),Urban Simulators/pruning cities 02},
title = {{SUPERBLOCK BARCELONA Towards the city we want}},
year = {2021}
}

@techreport{AgenciaLocaldEnergiadeBarcelona2022,
address = {Barcelona},
author = {{Ag{\`{e}}ncia Local d'Energia de Barcelona} and {Observatori de l'Energia de Barcelona} and {Ger{\`{e}}ncia de Medi Ambient i Serveis Urbans}},
file = {:C\:/Library/Barcelona, Barcelona, Urbans - 2022 - Balan{\c{c}} d'energia i emissions de gasos amb efecte d'hivernacle de Barcelona 2020.pdf:pdf},
institution = {Ajuntament de Barcelona},
keywords = {Atmospheric,Consum d'energia,Consumo de energ{\'{i}}a,Efecte hivernacle (Meteorologia),Efecto invernadero,Energia,Energies renovables,Energy consumption,Greenhouse effect,Municipal services,Recursos energ{\'{e}}ticos renovables,Renewable energy sources,Serveis municipals,Servicios municipales,informes altres},
mendeley-groups = {Urban Simulators/pruning cities 02},
title = {{Balan{\c{c}} d'energia i emissions de gasos amb efecte d'hivernacle de Barcelona 2020}},
url = {https://bcnroc.ajuntament.barcelona.cat/jspui/handle/11703/124682},
year = {2022}
}
@techreport{AjuntamentdeBarcelona2019c,
address = {Barcelona},
author = {{Ajuntament de Barcelona}},
file = {:C\:/Library/Barcelona - 2019 - Pla d'acci{\'{o}} per a l'{\`{a}}mbit de superilles de Sant Antoni. Pla d'acci{\'{o}} consensuat.pdf:pdf},
institution = {Ajuntament de Barcelona},
mendeley-groups = {Urban Simulators/paper BCN (pruning cities 01),Urban Simulators/pruning cities 02},
title = {{Pla d'acci{\'{o}} per a l'{\`{a}}mbit de superilles de Sant Antoni. Pla d'acci{\'{o}} consensuat.}},
year = {2019}
}
@techreport{AjuntamentdeBarcelona2019b,
address = {Barcelona},
author = {{Ajuntament de Barcelona}},
file = {:C\:/Library/Ajuntament de Barcelona - 2019 - Pla d'acci{\'{o}} per a l'{\`{a}}mbit de Superilles de la Dreta de l'Eixample (entorn del carrer Girona).pdf:pdf},
institution = {Ajuntament de Barcelona},
mendeley-groups = {Urban Simulators/paper BCN (pruning cities 01),Urban Simulators/pruning cities 02},
title = {{Pla d'acci{\'{o}} per a l'{\`{a}}mbit de Superilles de la Dreta de l'Eixample (entorn del carrer Girona)}},
url = {https://ajuntament.barcelona.cat/superilles/sites/default/files/pla_accio_superilles_girona.pdf},
year = {2019}
}
@techreport{AjuntamentdeBarcelona2019a,
address = {Barcelona},
author = {{Ajuntament de Barcelona}},
file = {:C\:/Library/Ajuntament de Barcelona - 2019 - Pla d'acci{\'{o}} per a l'{\`{a}}mbit de Superilles de l'Esquerra de l'Eixample (Entorn del carrer Consell de Cent.pdf:pdf},
institution = {Ajuntament de Barcelona},
mendeley-groups = {Urban Simulators/paper BCN (pruning cities 01),Urban Simulators/pruning cities 02},
title = {{Pla d'acci{\'{o}} per a l'{\`{a}}mbit de Superilles de l'Esquerra de l'Eixample (Entorn del carrer Consell de Cent - Germanetes)}},
year = {2019}
}
@misc{AjuntamentdeBarcelona2020a,
address = {Barcelona},
author = {{Ajuntament de Barcelona}},
file = {:C\:/Library/Unknown - Unknown - Document per a la Aprovaci{\'{o}} Inicial Barcelona, 1 de desembre de 2020.pdf:pdf},
mendeley-groups = {Urban Simulators/pruning cities 02},
title = {{Pla de Mobilitat Urbana 2024}},
url = {https://web.archive.org/web/20220113090837/https://www.barcelona.cat/mobilitat/sites/default/files/documentacio/pmu_bcn_2024_per_ceuim_20201214_compressed.pdf https://www.barcelona.cat/mobilitat/sites/default/files/documentacio/pmu_bcn_2024_per_ceuim_2020},
year = {2020}
}
@book{AjuntamentdeBarcelona2004,
address = {Barcelona},
author = {{Ajuntament de Barcelona}},
editor = {{Ajuntament de Barcelona. Sector de Manteniment i Serveis. Direcci{\'{o}} de Serveis de Participaci{\'{o}} i Educaci{\'{o}} Ambiental}},
file = {:C\:/Library/Unknown - Unknown - Presentaci{\'{o}} 3 La ciutat, un espai de conviv{\`{e}}ncia 4.pdf:pdf},
mendeley-groups = {Urban Planning,Urban Simulators/pruning cities 02,Policy},
publisher = {Ajuntament de Barcelona},
title = {{La mobilitat sostenible}},
year = {2004}
}
@techreport{AjuntamentdeBarcelona2020,
address = {Barcelona},
author = {{Ajuntament de Barcelona}},
file = {:C\:/Library/MG_MobillitatSostenible_COVID_2020-04.pdf:pdf},
institution = {Plenari Municipal Ajuntament de Barcelona},
mendeley-groups = {Urban Simulators/pruning cities 02,Urban Simulators},
title = {{Una nova mobilitat sostenible en un nou espai p{\'{u}}blic}},
url = {https://www.barcelona.cat/mobilitat/ca/nova-mobilitat/una-nova-mobilitat-sostenible-en-un-nou-espai-public},
year = {2020}
}

@techreport{AjuntamentdeBarcelona2020implementingSuperblocks,
address = {Barcelona},
author = {{Ajuntament de Barcelona}},
file = {:C\:/Library/dani-alsina.pdf:pdf},
institution = {Ajuntament de Barcelona},
mendeley-groups = {Urban Planning,Urban Simulators/paper BCN (pruning cities 01),Urban Simulators/pruning cities 02},
title = {{Transforming Barcelona. Implementing the Superblocks program}},
url = {http://ajuntament.barcelona.cat/superilles},
year = {2020}
}

@techreport{AjuntamentdeBarcelona2022a,
address = {Barcelona},
author = {{Ajuntament de Barcelona}},
file = {:C\:/Library/de Barcelona - Unknown - Superilla Sant Gervasi de Cassoles 1{\textordmasculine} Reuni{\'{o}} Grup Impulsor Fase projectes.pdf:pdf},
institution = {Ajuntament de Barcelona},
mendeley-groups = {Urban Simulators/paper BCN (pruning cities 01),Urban Planning,Urban Simulators/pruning cities 02,Policy},
title = {{Superilla Sant Gervasi de Cassoles. 1{\textordmasculine} Reuni{\'{o}} Grup Impulsor Fase projectes}},
url = {https://ajuntament.barcelona.cat/superilles/es/content/sant-gervasi-de-cassoles},
year = {2022}
}
@techreport{AjuntamentdeBarcelona2018a,
address = {Barcelona},
author = {{Ajuntament de Barcelona}},
file = {:C\:/Library/pla_accio_superilles_hostafrancs.pdf:pdf},
mendeley-groups = {Urban Simulators/pruning cities 02},
title = {{Pla d'acci{\'{o}} per a l'{\`{a}}mbit de superilles de Sants-Hostafrancs. Pla d'acci{\'{o}} consensuat.}},
url = {https://ajuntament.barcelona.cat/superilles/es/content/hostafrancs},
year = {2018}
}
@techreport{AjuntamentdeBarcelona2021,
address = {Barcelona},
author = {{Ajuntament de Barcelona}},
file = {:C\:/Library/Unknown - 2021 - SAGRADA FAM{\'{I}}LIA, FORT PIENC I CAMP DEL GRASSOT 1a reuni{\'{o}} amb el Grup Impulsor.pdf:pdf},
institution = {Ajuntament de Barcelona},
mendeley-groups = {Urban Simulators/paper BCN (pruning cities 01),Urban Planning,Urban Simulators/pruning cities 02,Policy},
title = {{Sagrada Fam{\'{i}}lia, Fort Pienc i Camp del Grassot. 1a reuni{\'{o}} amb el Grup Impulsor}},
year = {2021}
}
@techreport{AjuntamentdeBarcelona2022,
address = {Barcelona},
author = {{Ajuntament de Barcelona}},
file = {:C\:/Library/Unknown - Unknown - SAGRADA FAM{\'{I}}LIA, FORT PIENC I CAMP DEL GRASSOT 2a reuni{\'{o}} amb el Grup Impulsor.pdf:pdf},
institution = {Ajuntament de Barcelona},
mendeley-groups = {Urban Simulators/paper BCN (pruning cities 01),Urban Planning,Urban Simulators/pruning cities 02,Policy},
title = {{Sagrada Fam{\'{i}}lia, Fort Pienc i Camp del Grassot. 2a reuni{\'{o}} amb el Grup Impulsor}},
year = {2022}
}
@techreport{AjuntamentdeBarcelona2022,
address = {Barcelona},
author = {{Ajuntament de Barcelona}},
file = {:C\:/Library/Unknown - 2022 - SAGRERA SUD-NAVAS SUD 3a reuni{\'{o}} amb el Grup Impulsor.pdf:pdf},
institution = {Ajuntament de Barcelona},
mendeley-groups = {Urban Simulators/paper BCN (pruning cities 01),Urban Planning,Urban Simulators/pruning cities 02,Policy},
title = {{SAGRERA SUD-NAVAS SUD 3a reuni{\'{o}} amb el Grup Impulsor}},
year = {2022}
}
@techreport{AjuntamentdeBarcelona2018,
author = {{Ajuntament de Barcelona}},
file = {:C\:/Library/Colau, Alcaldesa De Barcelona - Unknown - Ecolog{\'{i}}a urbana Plan Clima 2018.pdf:pdf},
institution = {Ajuntament de Barcelona},
mendeley-groups = {Urban Planning,Urban Simulators/pruning cities 02},
pages = {162},
title = {{Plan Clima 2018-2030}},
year = {2018}
}
@misc{AjuntamentdeBarcelona2022,
address = {Barcelona},
author = {{Ajuntament de Barcelona}},
file = {:C\:/Library/De - Unknown - barcelona.catpla-superilla-barcelona MEDIDA MEDIDA DE GOBIERNO DE GOBIERNO SUPERILLA SUPERILLA BARCELONA BARCELONA PARA P.pdf:pdf},
institution = {Ajuntament de Barcelona},
mendeley-groups = {Urban Planning,Urban Simulators/pruning cities 02},
title = {{Medida de gobierno. Superilla Barcelona para regenerar Barcelona y sus barrios}},
url = {barcelona.cat/pla-superilla-barcelona barcelona.cat/pla-superilla-barcelona https://bcnroc.ajuntament.barcelona.cat/jspui/bitstream/11703/126249/1/Llibret_SUPERILLA_MdG_A4_ES_web %282%29.pdf https://web.archive.org/web/20221012175816/https://bcnroc.ajunta},
year = {2022}
}
@techreport{AjuntamentdeBarcelona2021c,
address = {Barcelona},
author = {{Ajuntament de Barcelona}},
file = {:C\:/Library/Unknown - 2021 - barcelona.catpla-superilla-barcelona GOVERNMENT GOVERNMENT MEASURE MEASURE BARCELONA SUPERBLOCK BARCELONA SUPERBLOCK FO.pdf:pdf},
institution = {Ajuntament de Barcelona},
mendeley-groups = {Urban Planning,Urban Simulators/pruning cities 02},
title = {{Government measure Barcelona Superblock for urban renewal in Barcelona and its neighborhoods}},
url = {https://bcnroc.ajuntament.barcelona.cat/jspui/bitstream/11703/126250/1/Llibret_SUPERILLA_MdG_A4_ANG_web.pdf https://web.archive.org/web/20221012180213/https://bcnroc.ajuntament.barcelona.cat/jspui/bitstream/11703/126250/1/Llibret_SUPERILLA_MdG_A4_ANG_web.},
year = {2021}
}
@misc{AjuntamentdeBarcelona2021b,
author = {{Ajuntament de Barcelona}},
file = {:C\:/Library/Un presupuesto para el 2022 de r{\'{e}}cord, con 3.400 millones de euros _ Info Barcelona _ Ayuntamiento de Barcelona.pdf:pdf},
mendeley-groups = {Policy,Urban Simulators/pruning cities 02},
title = {{Budget Barcelona 2022}},
url = {https://ajuntament.barcelona.cat/pressupostos2022/en/},
urldate = {2022-10-31},
year = {2021}
}
@misc{AjuntamentdeBarcelona2021a,
author = {{Ajuntament de Barcelona}},
booktitle = {Info Barcelona},
file = {:C\:/Library/Un presupuesto para el 2022 de r{\'{e}}cord, con 3.400 millones de euros _ Info Barcelona _ Ayuntamiento de Barcelona.pdf:pdf},
mendeley-groups = {Policy,Urban Simulators/pruning cities 02},
title = {{Un presupuesto para el 2022 de r{\'{e}}cord, con 3.400 millones de euros}},
url = {https://www.barcelona.cat/infobarcelona/es/tema/ayuntamiento/un-presupuesto-record-de-3-400-millones-de-euros-para-hacer-mas-ciudad_1132161.html},
urldate = {2022-10-31},
year = {2021}
}
@misc{AjuntamentdeBarcelona2021,
author = {{Ajuntament de Barcelona}},
booktitle = {Info Barcelona},
file = {:C\:/Library/A record budget of 3,400 million euros to boost the city _ Info Barcelona _ Barcelona City Council.pdf:pdf},
mendeley-groups = {Policy,Urban Simulators/pruning cities 02},
title = {{A record budget of 3,400 million euros to boost the city}},
url = {https://www.barcelona.cat/infobarcelona/en/a-record-budget-of-3400-million-euros-to-boost-the-city_1132221.html},
urldate = {2022-10-31},
year = {2021}
}
@misc{AjuntamentdeBarcelona,
annote = {Percentages of emissions Barcelona.},
author = {{Ajuntament de Barcelona}},
file = {:C\:/Library/Our activity affects the climate _ Barcelona for Climate _ Ajuntament de Barcelona.pdf:pdf},
mendeley-groups = {Urban Simulators/pruning cities 02},
title = {{Our activity affects the climate}},
url = {https://www.barcelona.cat/barcelona-pel-clima/en/climate-change-barcelona/our-activity-affects-climate},
urldate = {2022-10-31}
}
@misc{AjuntamentdeBarcelona2017a,
address = {Barcelona},
author = {{Ajuntament de Barcelona} and {{\`{A}}rea Metropolitana de Barcelona} and RACC},
file = {:C\:/Library/Unknown - Unknown - Presentaci{\'{o}} de l'estudi Caracteritzaci{\'{o}} dels vehicles i les seves emissions a l'{\`{a}}rea metropolitana de Barcelona DOSS.pdf:pdf},
mendeley-groups = {Urban Simulators/pruning cities 02},
publisher = {Ajuntament de Barcelona, {\`{A}}rea Metropolitana de Barcelona, RACC},
title = {{Presentaci{\'{o}} de l'estudi: Caracteritzaci{\'{o}} dels vehicles i les seves emissions a l'{\`{a}}rea metropolitana de Barcelona}},
url = {https://web.archive.org/web/20210626203614/https://ajuntament.barcelona.cat/premsa/wp-content/uploads/2017/09/Dossier_estudi_RSD_lowres2.pdf https://ajuntament.barcelona.cat/premsa/wp-content/uploads/2017/09/Dossier_estudi_RSD_lowres2.pdf},
year = {2017}
}
@techreport{AjuntamentdeBarcelona2017,
address = {Barcelona},
author = {{Ajuntament de Barcelona} and {{\`{A}}rea Metropolitana de Barcelona} and RACC},
file = {:C\:/Library/Unknown - Unknown - INTRODUCCI{\'{O}}.pdf:pdf},
mendeley-groups = {Urban Simulators/pruning cities 02},
title = {{Caracteritzaci{\'{o}} del parc circulant de vehicles a l'{\`{A}}rea Metropolitana de Barcelona}},
url = {https://web.archive.org/web/20221012112324/https://movilidad.racc.es/wp-content/uploads/importfichas/fichasFundacion/Multimedia/1428320923797/blob/Dossier_estudi_Vehicles i Emissions Area Metropolitana_OK.pdf?_ga=2.226141981.688599822.1665572789-177015482},
year = {2017}
}
@article{Akamatsu2003,
author = {Akamatsu, Takashi and Heydecker, Benjamin},
doi = {10.1287/trsc.37.2.123.15245},
file = {:C\:/Library/Akamatsu, Heydecker - 2003 - Detecting Dynamic Traffic Assignment Capacity Paradoxes in Saturated Networks.pdf:pdf},
issn = {00411655},
journal = {Transportation Science},
mendeley-groups = {Urban Simulators/pruning cities 02},
month = {may},
number = {2},
pages = {123--138},
publisher = {INFORMS},
title = {{Detecting dynamic traffic assignment capacity paradoxes in saturated networks}},
url = {https://pubsonline.informs.org/doi/abs/10.1287/trsc.37.2.123.15245},
volume = {37},
year = {2003}
}
@article{Allan2013,
author = {Allan, Penny and Bryant, Martin and Wirsching, Camila and Garcia, Daniela and {Teresa Rodriguez}, Maria},
doi = {10.1080/13574809.2013.772881},
file = {:C\:/Library/Allan et al. - 2013 - The Influence of Urban Morphology on the Resilience of Cities Following an Earthquake.pdf:pdf},
issn = {13574809},
journal = {Journal of Urban Design},
mendeley-groups = {Urban Simulators/pruning cities 02,Urban resilience},
month = {may},
number = {2},
pages = {242--262},
title = {{The Influence of Urban Morphology on the Resilience of Cities Following an Earthquake}},
volume = {18},
year = {2013}
}
@article{Al-Mohy2011,
author = {Al-Mohy, Awad H. and Higham, Nicholas J.},
doi = {10.1137/100788860},
file = {:C\:/Library/Al-Mohy, Higham - 2011 - Computing the Action of the Matrix Exponential, with an Application to Exponential Integrators.pdf:pdf},
issn = {10648275},
journal = {SIAM Journal on Scientific Computing},
keywords = {Backward error analysis,Chebyshev polynomial,Condition number,Expm,Exponential integrator,Krylov method,Laguerre polynomial,MATLAB,Matrix exponential,ODE,Ordinary differential equation,Overscaling,Taylor series,$\phi$ functions},
mendeley-groups = {Urban Simulators/pruning cities 02},
month = {mar},
number = {2},
pages = {488--511},
publisher = {Society for Industrial and Applied Mathematics},
title = {{Computing the action of the matrix exponential, with an application to exponential integrators}},
url = {http://www.siam.org/journals/sisc/33-2/78886.html},
volume = {33},
year = {2011}
}

@phdthesis{ArgotaSanchez-Vaquerizo2018,
author = {{Argota S{\'{a}}nchez-Vaquerizo}, Javier},
doi = {10.1184/R1/7063361.V1},
file = {:C\:/Library/Argota S{\'{a}}nchez-Vaquerizo - 2015 - What You See Is What You Get Data-Informed Workflow in Design for Architecture and Urbanism.pdf:pdf},
keywords = {computational design,computer vision,data science,machine learning,sensor fusion,urban behavior,urban space},
mendeley-groups = {Urban Simulators/pruning cities 02},
school = {Carnegie Mellon University},
title = {{What You See Is What You Get: Data-Informed Workflow in Design for Architecture and Urbanism}},
type = {Master thesis},
url = {https://kilthub.cmu.edu/articles/What_You_See_Is_What_You_Get_Data-Informed_Workflow_in_Design_for_Architecture_and_Urbanism/7063361},
year = {2018}
}

@article{ArgotaSanchez-Vaquerizo2022,
author = {{Argota Sanchez-Vaquerizo}, Javier and Helbing, Dirk},
doi = {10.2139/ssrn.4291171},
file = {:C\:/Library/SSRN-id4291171.pdf:pdf},
journal = {SSRN Electronic Journal},
keywords = {Braess Paradox,Complex systems,Dirk Helbing,Javier Argota S{\'{a}}nchez-Vaquerizo,Less Can Be More: Pruning Street Networks for Sust,SSRN,mobility,planning,urban simulation,urban sustainability},
mendeley-groups = {Urban Planning,Urban Simulators/pruning cities 02,Policy,Digital Democracy-COSS},
month = {dec},
publisher = {Elsevier BV},
title = {{Less Can Be More: Pruning Street Networks for Sustainable City Making}},
url = {https://papers.ssrn.com/abstract=4291171},
year = {2022}
}

@article{Arnaudon2020,
archivePrefix = {arXiv},
arxivId = {1907.08624},
author = {Arnaudon, Alexis and Peach, Robert L. and Barahona, Mauricio},
doi = {10.1103/PhysRevResearch.2.033104},
eprint = {1907.08624},
file = {:C\:/Library/Arnaudon, Peach, Barahona - 2020 - Scale-dependent measure of network centrality from diffusion dynamics.pdf:pdf},
issn = {2643-1564},
journal = {Physical Review Research},
keywords = {doi:10.1103/PhysRevResearch.2.033104 url:https://d},
mendeley-groups = {Urban Simulators/pruning cities 02},
month = {jul},
number = {3},
pages = {033104},
publisher = {American Physical Society},
title = {{Scale-dependent measure of network centrality from diffusion dynamics}},
url = {https://journals.aps.org/prresearch/abstract/10.1103/PhysRevResearch.2.033104 https://link.aps.org/doi/10.1103/PhysRevResearch.2.033104},
volume = {2},
year = {2020}
}
@article{Arnstein1969,
author = {Arnstein, Sherry R.},
doi = {10.1080/01944366908977225},
file = {:C\:/Library/Arnstein - 2007 - A Ladder Of Citizen Participation.pdf:pdf},
issn = {01944363},
journal = {Journal of the American Planning Association},
mendeley-groups = {Urban Simulators/pruning cities 02,Digital Democracy-COSS,Urban Planning,Democracy by Design},
month = {jul},
number = {4},
pages = {216--224},
publisher = {Taylor \& Francis Group},
title = {{A Ladder Of Citizen Participation}},
url = {https://www.tandfonline.com/doi/abs/10.1080/01944366908977225 http://www.tandfonline.com/doi/abs/10.1080/01944366908977225},
volume = {35},
year = {1969}
}
@article{Atkinson2018,
author = {Atkinson, Richard W. and Butland, Barbara K. and Anderson, H. Ross and Maynard, Robert L.},
doi = {10.1097/EDE.0000000000000847},
file = {:C\:/Library/Long_term_Concentrations_of_Nitrogen_Dioxide_and.2.pdf:pdf;:C\:/Library/Atkinson et al. - 2018 - Long-term concentrations of nitrogen dioxide and mortality.pdf:pdf},
issn = {1044-3983},
journal = {Epidemiology},
keywords = {Cohort,Long-term exposure,Meta-analysis,Mortality,Nitrogen dioxide},
mendeley-groups = {Urban Simulators/pruning cities 02},
month = {jul},
number = {4},
pages = {460--472},
pmid = {29746370},
publisher = {Lippincott Williams and Wilkins},
title = {{Long-term Concentrations of Nitrogen Dioxide and Mortality}},
url = {https://journals.lww.com/epidem/Fulltext/2018/07000/Long_term_Concentrations_of_Nitrogen_Dioxide_and.2.aspx https://journals.lww.com/00001648-201807000-00002},
volume = {29},
year = {2018}
}

@article{Baker2009,
author = {Baker, Linda},
journal = {Scientific American},
mendeley-groups = {Urban Planning,Urban Simulators/pruning cities 02},
pages = {20--21},
title = {{Removing roads and traffic lights speeds urban travel}},
year = {2009}
}


@misc{Battiston2020,
archivePrefix = {arXiv},
arxivId = {2006.01764},
author = {Battiston, Federico and Cencetti, Giulia and Iacopini, Iacopo and Latora, Vito and Lucas, Maxime and Patania, Alice and Young, Jean Gabriel and Petri, Giovanni},
booktitle = {Physics Reports},
doi = {10.1016/j.physrep.2020.05.004},
eprint = {2006.01764},
file = {:C\:/Library/Battiston et al. - 2020 - Networks beyond pairwise interactions Structure and dynamics.pdf:pdf},
issn = {03701573},
mendeley-groups = {Urban Simulators/pruning cities 02},
month = {aug},
pages = {1--92},
publisher = {North-Holland},
title = {{Networks beyond pairwise interactions: Structure and dynamics}},
volume = {874},
year = {2020}
}

@incollection{Batty2020smartcities,
author = {Batty, Michael},
booktitle = {The Routledge Companion to Smart Cities},
doi = {10.4324/9781315178387-5},
file = {:C\:/Library/10.4324_9781315178387-5_chapterpdf.pdf:pdf},
mendeley-groups = {Data Analytics for Urban Design,to be read,Urban Planning,Urban Simulators/pruning cities 02},
month = {apr},
pages = {51--60},
publisher = {Routledge},
title = {{Defining smart cities}},
url = {https://www.taylorfrancis.com/chapters/defining-smart-cities-michael-batty/e/10.4324/9781315178387-5},
year = {2020}
}

@article{Batty2020,
address = {London},
author = {Batty, Michael and Milton, Richard},
doi = {10.1177/0042098020982252},
institution = {Center for Advanced Spatial Analysis (CASA). University College of London.},
issn = {1360063X},
journal = {Urban Studies},
keywords = {infrastructure,networks,planning,simulation,technology/smart cities,transport,web-based media},
mendeley-groups = {Urban Simulators,Urban Simulators/Teleworking,Urban Simulators/pruning cities 02},
pages = {1--23},
title = {{A new framework for very large-scale urban modelling}},
year = {2021}
}


@book{Beckmann1956,
address = {London},
author = {Beckmann, Martin and McGuire, C. B. and Winsten, Chistopher B.},
doi = {10.2307/3007560},
file = {:C\:/Library/specpub-beckmann-mcguire-winsten.pdf:pdf},
issn = {14732858},
mendeley-groups = {Urban Simulators/pruning cities 02},
month = {dec},
pages = {xix+232},
publisher = {Geoffrey Cumberlege: Oxford University Press},
title = {{Studies in the Economics of Transportation.}},
url = {https://www.jstor.org/stable/3007560?origin=crossref},
year = {1956}
}
@article{Benavides2021,
author = {Benavides, Jaime and Guevara, Marc and Snyder, Michelle G. and Rodr{\'{i}}guez-Rey, Daniel and Soret, Albert and Garc{\'{i}}a-Pando, Carlos P{\'{e}}rez and Jorba, Oriol},
doi = {10.1088/1748-9326/abd5dd},
file = {:C\:/Library/Benavides et al. - 2021 - On the impact of excess diesel NO X emissions upon NO2 pollution in a compact city.pdf:pdf},
issn = {17489326},
journal = {Environmental Research Letters},
keywords = {Air quality,Excess diesel NOXemissions,Light duty vehicles,Model resolution,NO2concentrations,NO2exposure},
mendeley-groups = {Urban Planning,Urban Simulators/pruning cities 02},
month = {feb},
number = {2},
pages = {024024},
publisher = {IOP Publishing},
title = {{On the impact of excess diesel NOX emissions upon NO2 pollution in a compact city}},
url = {https://iopscience.iop.org/article/10.1088/1748-9326/abd5dd https://iopscience.iop.org/article/10.1088/1748-9326/abd5dd/meta},
volume = {16},
year = {2021}
}
@article{Benavides2019,
author = {Benavides, Jaime and Snyder, Michelle and Guevara, Marc and Soret, Albert and {P{\'{e}}rez Garc{\'{i}}a-Pando}, Carlos and Amato, Fulvio and Querol, Xavier and Jorba, Oriol},
doi = {10.5194/gmd-12-2811-2019},
file = {:C\:/Library/Benavides et al. - 2019 - CALIOPE-Urban v1.0 Coupling R-LINE with a mesoscale air quality modelling system for urban air quality forecas.pdf:pdf},
issn = {19919603},
journal = {Geoscientific Model Development},
mendeley-groups = {Urban Simulators/pruning cities 02},
month = {jul},
number = {7},
pages = {2811--2835},
publisher = {Copernicus GmbH},
title = {{CALIOPE-Urban v1.0: Coupling R-LINE with a mesoscale air quality modelling system for urban air quality forecasts over Barcelona city (Spain)}},
volume = {12},
year = {2019}
}
@article{Benjamini1995,
author = {Benjamini, Yoav and Hochberg, Yosef},
doi = {10.1111/j.2517-6161.1995.tb02031.x},
file = {:C\:/Library/benjamini1995.pdf:pdf},
journal = {Journal of the Royal Statistical Society: Series B (Methodological)},
keywords = {bonferroni-type procedures,comparison procedures,familywise error rate,multiple,p-values},
mendeley-groups = {Urban Simulators/pruning cities 02},
number = {1},
pages = {289--300},
title = {{Controlling the False Discovery Rate: A Practical and Powerful Approach to Multiple Testing}},
volume = {57},
year = {1995}
}
@article{Bereitschaft2020,
author = {Bereitschaft, Bradley and Scheller, Daniel},
doi = {10.3390/urbansci4040056},
file = {:C\:/Library/Bereitschaft, Scheller - 2020 - How Might the COVID-19 Pandemic Affect 21st Century Urban Design, Planning, and Development.pdf:pdf},
issn = {2413-8851},
journal = {Urban Science},
keywords = {19,19 planning,COVID,coronavirus,pandemic,pandemic planning,resilience,urban design},
mendeley-groups = {Digital Democracy-COSS,Urban Simulators/Teleworking,Urban Simulators/pruning cities 02,Urban Simulators/adaptive streets,Urban Planning},
month = {nov},
number = {4},
pages = {56},
publisher = {Multidisciplinary Digital Publishing Institute},
title = {{How Might the COVID-19 Pandemic Affect 21st Century Urban Design, Planning, and Development?}},
url = {https://www.mdpi.com/2413-8851/4/4/56/htm https://www.mdpi.com/2413-8851/4/4/56},
volume = {4},
year = {2020}
}

@article{Bettencourt2014,
annote = {Santa Fe Institute},
author = {Bettencourt, Lu{\'{i}}s M. A.},
doi = {10.1089/big.2013.0042},
isbn = {2167-6461},
issn = {2167-6461},
journal = {Big Data},
keywords = {Santa Fe Institute,quintanilha{_}bib},
mendeley-groups = {MSCD,Iaac Bits,Urban Simulators/pruning cities 02},
mendeley-tags = {Santa Fe Institute},
number = {1},
pages = {12--22},
title = {{The Uses of Big Data in Cities}},
url = {http://online.liebertpub.com/doi/abs/10.1089/big.2013.0042},
volume = {2},
year = {2014}
}


@article{Bettencourt2019,
author = {Bettencourt, Lu{\'{i}}s M. A.},
doi = {10.1080/24751448.2019.1571793},
file = {:C\:/Library/Bettencourt - 2019 - Designing for Complexity The Challenge to Spatial Design from Sustainable Human Development in Cities.pdf:pdf},
issn = {2475-1448},
journal = {Technology|Architecture + Design},
mendeley-groups = {Architecture,Urban Simulators/pruning cities 02,Digital Democracy-COSS,Urban Planning},
month = {jan},
number = {1},
pages = {24--32},
publisher = {Routledge},
title = {{Designing for Complexity: The Challenge to Spatial Design from Sustainable Human Development in Cities}},
url = {https://www.tandfonline.com/doi/abs/10.1080/24751448.2019.1571793 https://www.tandfonline.com/doi/full/10.1080/24751448.2019.1571793},
volume = {3},
year = {2019}
}
@misc{Blanchar2020,
address = {Barcelona},
author = {Blanchar, Clara},
booktitle = {El Pais},
file = {:C\:/Library/Colau planeja convertir l'Eixample de Barcelona en una gran superilla _ Catalunya _ EL PA{\'{I}}S Catalunya.pdf:pdf},
mendeley-groups = {Urban Simulators/pruning cities 02},
month = {nov},
title = {{Colau planeja convertir l'Eixample de Barcelona en una gran superilla}},
year = {2020}
}

@book{Blundell-Jones2005,
address = {Oxon, UK},
doi = {10.4324/9780203022863},
editor = {{Blundell Jones}, Peter and Petrescu, Doina and Till, Jeremy},
file = {:C\:/Library/9780203022863_webpdf.pdf:pdf},
isbn = {9780203022863},
mendeley-groups = {from Stefan,Urban Simulators/pruning cities 02},
month = {jul},
pages = {1--286},
publisher = {Routledge},
title = {{Architecture and Participation}},
url = {https://www.taylorfrancis.com/books/9781134370979},
year = {2013}
}

@article{Boonstra2011,
annote = {On the disappointing results of participatory spatial planning},
author = {Boonstra, Beitske and Boelens, Luuk},
doi = {10.1080/17535069.2011.579767},
issn = {17535069},
journal = {Urban Research and Practice},
keywords = {Actor-relational approach to planning,Civic involvement,Complexity theories,Poststructuralism,Robust urban development,Self-organization},
mendeley-groups = {Urban resilience,Urban Planning,Urban Simulators/pruning cities 02},
month = {jul},
number = {2},
pages = {99--122},
publisher = {Taylor \& Francis},
title = {{Self-organization in urban development: Towards a new perspective on spatial planning}},
url = {https://www.tandfonline.com/doi/abs/10.1080/17535069.2011.579767},
volume = {4},
year = {2011}
}

@article{Borge2014,
author = {Borge, Rafael and Lumbreras, Julio and P{\'{e}}rez, Javier and de la Paz, David and Vedrenne, Michel and de Andr{\'{e}}s, Juan Manuel and Rodr{\'{i}}guez, M{\textordfeminine} Encarnaci{\'{o}}n},
doi = {10.1016/j.scitotenv.2013.07.093},
file = {:C\:/Library/Borge et al. - 2014 - Emission inventories and modeling requirements for the development of air quality plans. Application to Madrid (Sp.pdf:pdf},
issn = {00489697},
journal = {Science of The Total Environment},
keywords = {Emission inventory,Madrid,Modeling,NO2,SMOKE,Urban air quality},
mendeley-groups = {Policy,Urban Simulators/pruning cities 02,Urban Planning},
month = {jan},
pages = {809--819},
pmid = {23973547},
publisher = {Elsevier},
title = {{Emission inventories and modeling requirements for the development of air quality plans. Application to Madrid (Spain)}},
url = {https://linkinghub.elsevier.com/retrieve/pii/S0048969713008759},
volume = {466-467},
year = {2014}
}
@incollection{Borning2008,
author = {Borning, Alan and Waddell, Paul and F{\"{o}}rster, Ruth},
doi = {10.1007/978-0-387-71611-4_22},
file = {:C\:/Library/Borning, Waddell, F{\"{o}}rster - 2008 - Urbansim Using Simulation to Inform Public Deliberation and Decision-Making.pdf:pdf},
mendeley-groups = {Urban Simulators/pruning cities 02,Digital Twins,to be read,Urban Planning},
pages = {439--464},
publisher = {Springer, Boston, MA},
title = {{Urbansim: Using Simulation to Inform Public Deliberation and Decision-Making}},
url = {https://link.springer.com/chapter/10.1007/978-0-387-71611-4_22},
year = {2008}
}
@book{Boyles2019,
author = {Boyles, Stephen D and Lownes, Nicholas E},
file = {:C\:/Library/Boyles, Lownes - Unknown - Transportation Network Analysis Volume I Static and Dynamic Traffic Assignment.pdf:pdf},
mendeley-groups = {Urban Simulators/pruning cities 02},
pages = {123--124},
title = {{Transportation Network Analysis Volume I: Static and Dynamic Traffic Assignment}},
volume = {0.8},
year = {2019}
}
@article{Brandes2008,
author = {Brandes, Ulrik},
doi = {10.1016/j.socnet.2007.11.001},
file = {:C\:/Library/Brandes - Unknown - On Variants of Shortest-Path Betweenness Centrality and their Generic Computation 1.pdf:pdf},
issn = {03788733},
journal = {Social Networks},
keywords = {Algorithms,Betweenness centrality,Load centrality,Valued networks},
mendeley-groups = {Urban Simulators/pruning cities 02},
number = {2},
pages = {136--145},
title = {{On variants of shortest-path betweenness centrality and their generic computation}},
url = {http://kops.ub.uni-konstanz.de/volltexte/2009/7180/},
volume = {30},
year = {2008}
}
@article{Brandt2003,
author = {Brandt, J. and Christensen, J.H. and Frohn, L.M. and Berkowicz, R.},
doi = {10.1016/S1474-7065(03)00054-8},
file = {:C\:/Library/Brandt et al. - 2003 - Air pollution forecasting from regional to urban street scale––implementation and validation for two cities in De.pdf:pdf},
issn = {14747065},
journal = {Physics and Chemistry of the Earth, Parts A/B/C},
mendeley-groups = {Urban Simulators/pruning cities 02},
month = {jan},
number = {8},
pages = {335--344},
publisher = {Pergamon},
title = {{Air pollution forecasting from regional to urban street scale––implementation and validation for two cities in Denmark}},
url = {https://linkinghub.elsevier.com/retrieve/pii/S1474706503000548},
volume = {28},
year = {2003}
}
@article{Brenner2023,
author = {Brenner, Anna-Katharina and Haas, Willi and Rudloff, Christian and Lorenz, Florian and Wieser, Georg and Haberl, Helmut and Wiedenhofer, Dominik and Pichler, Melanie},
doi = {10.2139/ssrn.4357823},
file = {:C\:/Library/SSRN-id4357823.pdf:pdf},
journal = {SSRN Electronic Journal},
keywords = {Anna-Katharina Brenner,Christian Rudloff,Dominik Wiedenhofer,Experiments,Florian Lorenz,GHG emissions reduction,Georg Wieser,Governance,Helmut Haberl,Melanie Pichler,SSRN,Willi Haas,health assessment,traffic modeling,urban planning regime},
mendeley-groups = {Urban Planning,Urban Simulators/pruning cities 02,to be read},
publisher = {Elsevier BV},
title = {{How Experiments with Superblocks in Vienna Shape Climate and Health Outcomes and Interact with the Urban Planning Regime}},
url = {https://papers.ssrn.com/abstract=4357823},
year = {2023}
}
@misc{Brunekreef1997,
author = {Brunekreef, Bert},
booktitle = {Occupational and Environmental Medicine},
doi = {10.1136/oem.54.11.781},
file = {:C\:/Library/Brunekreef - 1997 - Air pollution and life expectancy is there a relation.pdf:pdf},
isbn = {4956215/983},
issn = {13510711},
mendeley-groups = {Urban Simulators/pruning cities 02},
month = {nov},
number = {11},
pages = {781--784},
pmid = {9538349},
publisher = {BMJ Publishing Group},
title = {{Air pollution and life expectancy: Is there a relation?}},
url = {https://www.ncbi.nlm.nih.gov/pmc/articles/PMC1128948/ https://oem.bmj.com/lookup/doi/10.1136/oem.54.11.781},
volume = {54},
year = {1997}
}
@article{Buehler2021,
author = {Buehler, Ralph and Pucher, John},
doi = {10.1080/01441647.2021.1914900},
file = {:C\:/Library/COVID 19 Impacts on Cycling 2019 2020.pdf:pdf},
issn = {0144-1647},
journal = {Transport Reviews},
mendeley-groups = {Urban Planning,Policy,Urban Simulators/pruning cities 02},
month = {jul},
number = {4},
pages = {393--400},
publisher = {Routledge},
title = {{COVID-19 Impacts on Cycling, 2019–2020}},
url = {https://www.tandfonline.com/doi/abs/10.1080/01441647.2021.1914900 https://www.tandfonline.com/doi/full/10.1080/01441647.2021.1914900},
volume = {41},
year = {2021}
}
@inproceedings{Burov2021,
archivePrefix = {arXiv},
arxivId = {2107.08374},
author = {Burov, Mikhail and Kizilkale, Can and Kurzhanskiy, Alexander and Arcak, Murat},
booktitle = {IEEE Conference on Intelligent Transportation Systems, Proceedings, ITSC},
doi = {10.1109/ITSC48978.2021.9564775},
eprint = {2107.08374},
file = {:C\:/Library/Burov et al. - 2021 - Detecting Braess Routes an Algorithm Accounting for Queuing Delays With an Extended Graph.pdf:pdf},
isbn = {9781728191423},
keywords = {BPR functions,Beckmann potential,Braess paradox,Optimization},
mendeley-groups = {Urban Planning,Urban Simulators/adaptive streets,Urban Simulators/paper BCN (pruning cities 01),Urban Simulators/pruning cities 02,Urban Simulators},
pages = {2125--2130},
title = {{Detecting Braess Routes: An Algorithm Accounting for Queuing Delays with an Extended Graph}},
volume = {2021-Septe},
year = {2021}
}
@inproceedings{Burov2021,
archivePrefix = {arXiv},
arxivId = {2107.08374},
author = {Burov, Mikhail and Kizilkale, Can and Kurzhanskiy, Alexander and Arcak, Murat},
booktitle = {2021 IEEE International Intelligent Transportation Systems Conference (ITSC)},
doi = {10.1109/ITSC48978.2021.9564775},
eprint = {2107.08374},
file = {:C\:/Library/Burov et al. - 2021 - Detecting Braess Routes an Algorithm Accounting for Queuing Delays With an Extended Graph(2).pdf:pdf},
isbn = {978-1-7281-9142-3},
keywords = {BPR functions,Beckmann potential,Braess paradox,Optimization},
mendeley-groups = {Urban Simulators/pruning cities 02,Urban Planning},
month = {sep},
pages = {2125--2130},
publisher = {IEEE},
title = {{Detecting Braess Routes: An Algorithm Accounting for Queuing Delays With an Extended Graph}},
url = {https://ieeexplore.ieee.org/document/9564775/},
volume = {2021-Septe},
year = {2021}
}

@book{Cairns.etal1998,
address = {London},
author = {Cairns, Sally and Hass-Klau, Carmen and Goodwin, Phil},
file = {:C\:/Library/Traffic Impact of Highway Capacity Reductions- Assessment of the Evidence.pdf:pdf},
isbn = {1899650105},
mendeley-groups = {Urban Simulators/pruning cities 02},
publisher = {Landor Publishing},
title = {{Traffic Impact of Highway Capacity Reductions: Assessment of the Evidence}},
year = {1998}
}


@article{Campbell2000,
author = {Campbell, Catherine and Jovchelovitch, Sandra},
doi = {10.1002/1099-1298(200007/08)10:4<255::AID-CASP582>3.0.CO;2-M},
file = {:C\:/Library/Community Applied Soc Psy - 2000 - Campbell - Health community and development towards a social psychology of.pdf:pdf},
issn = {1052-9284},
journal = {Journal of Community \& Applied Social Psychology},
keywords = {Community,Community development,Community psychology,Empowerment,Health,Power,Social capital,Social identity,Social representations},
mendeley-groups = {Urban Simulators/pruning cities 02,Digital Democracy-COSS,Urban Planning,Democracy by Design},
month = {jul},
number = {4},
pages = {255--270},
title = {{Health, community and development: towards a social psychology of participation}},
url = {https://onlinelibrary.wiley.com/doi/10.1002/1099-1298%28200007/08%2910%3A4%3C255%3A%3AAID-CASP582%3E3.0.CO%3B2-M https://onlinelibrary.wiley.com/doi/10.1002/1099-1298(200007/08)10:4%3C255::AID-CASP582%3E3.0.CO;2-M},
volume = {10},
year = {2000}
}
@article{Cao2020,
author = {Cao, Shun and Sayama, Hiroki},
doi = {10.1155/2020/9649310},
file = {:C\:/Library/9649310.pdf:pdf},
issn = {10990526},
journal = {Complexity},
mendeley-groups = {Urban Simulators/pruning cities 02},
title = {{Detecting Dynamic States of Temporal Networks Using Connection Series Tensors}},
volume = {2020},
year = {2020}
}

@book{CardosoLlach2015,
address = {New York},
author = {{Cardoso Llach}, Daniel},
booktitle = {Builders of the Vision: Software and the Imagination of Design},
doi = {10.4324/9781315798240},
file = {:C\:/Library/9781315798240_webpdf.pdf:pdf},
isbn = {9781317755968},
mendeley-groups = {Digital Twins/DT: Potential Limitations and Ethical Issues,Computational Design,Architecture,Urban Simulators/pruning cities 02},
month = {jun},
pages = {1--199},
publisher = {Routledge},
title = {{Builders of the Vision}},
url = {https://www.taylorfrancis.com/books/mono/10.4324/9781315798240/builders-vision-daniel-cardoso-llach https://www.taylorfrancis.com/books/9781317755968},
year = {2015}
}

@misc{Carlino2022,
author = {Carlino, Dustin and Kirk, Michael and Dcarlino and Konieczny, Mateusz and Kott, Gedalia and Bruce and Nissar, Javed and Nederlof, Trevor and Steinberg, Vinzent and Robin and Dejean, Marcel and Orestis and Lauzier, R{\'{e}}mi and Sam and Wei, Andrew and Lewis, Brian and Schmidt, Christopher and Serdyuk, Dmitriy and Czaplicki, Filip and Fullstop000 and Raymakers, Jeff and Volker, Jeremias and Huston, Kyle and Schmid, Lorenz and Shenfield, Max and Schimek, Nick and Newsome, Tim and Tobias and Andi and Moo},
booktitle = {Zenodo},
doi = {https://doi.org/10.5281/zenodo.6331922},
mendeley-groups = {Urban Simulators,Urban Simulators/pruning cities 02,Urban Planning},
month = {mar},
title = {{a-b-street/abstreet: Pestolence (v0.3.14)}},
url = {https://zenodo.org/record/6331922 https://github.com/a-b-street https://doi.org/10.5281/zenodo.6331922},
year = {2022}
}

@misc{Cerda1867,
address = {Madrid},
annote = {Contiene: v.1 - v.2: La urbanizaci{\'{o}}n considerada como un hecho concreto : estad{\'{i}}stica urbana de Barcelona.},
author = {Cerd{\`{a}}, Ildefonso},
file = {:C\:/Library//Cerd{\`{a}} - 1867 - Teor{\'{i}}a general de la urbanizaci{\'{o}}n, y aplicaci{\'{o}}n de sus principios y doctrinas a la reforma y ensanche de Barcelona.pdf:pdf;:C\:/Library/Cerd{\`{a}} - 1867 - Teor{\'{i}}a general de la urbanizaci{\'{o}}n, y aplicaci{\'{o}}n de sus principios y doctrinas a la reforma y ensanche de Barcelona.pdf:pdf},
keywords = {Barcelona / Descripci{\'{o}}n / Obras anteriores a 1900,Urbanismo / Espa{\~{n}}a / Barcelona / Obras anteriores,Urbanizaci{\'{o}}n / Espa{\~{n}}a / Barcelona / Obras anterior},
mendeley-groups = {Urban Planning,Urban Simulators/pruning cities 02},
pages = {2 v. 831; 700 p.},
publisher = {Imprenta Espa{\~{n}}ola},
title = {{Teor{\'{i}}a general de la urbanizaci{\'{o}}n, y aplicaci{\'{o}}n de sus principios y doctrinas a la reforma y ensanche de Barcelona}},
url = {file://catalog.hathitrust.org/Record/009648280 http://hdl.handle.net/2027/ucm.5308583073 (Vol. 1) http://hdl.handle.net/2027/ucm.5310802191 (Vol. 1) http://hdl.handle.net/2027/ucm.5308583304 (Vol. 2) http://hdl.handle.net/2027/ucm.5308585172 (Vol. 2)},
year = {1867}
}

@misc{Cerrillo2020,
address = {Barcelona},
annote = {On overestimation emissions in Barcelona (port and airport) for political reasons?},
author = {Cerrillo, Antonio},
booktitle = {La Vanguardia},
file = {:C\:/Library/¿Cu{\'{a}}l es la contribuci{\'{o}}n de ciudad de Barcelona a la crisis clim{\'{a}}tica_.pdf:pdf},
mendeley-groups = {Urban Planning,Urban Simulators/pruning cities 02,Newspapers articles},
month = {jan},
title = {{¿Cu{\'{a}}l es la contribuci{\'{o}}n de ciudad de Barcelona a la crisis clim{\'{a}}tica?}},
url = {https://www.lavanguardia.com/natural/cambio-climatico/20200116/472916021999/barcos-crisis-climatica-emisiones-barcelona.html},
year = {2020}
}
@article{Chen2020,
archivePrefix = {arXiv},
arxivId = {2002.07270},
author = {Ch{\'{e}}n, Oliver Y. and Saraiva, Ra{\'{u}}l G. and Nagels, Guy and Phan, Huy and Schwantje, Tom and Cao, Hengyi and Gou, Jiangtao and Reinen, Jenna M. and Xiong, Bin and de Vos, Maarten},
eprint = {2002.07270},
file = {:C\:/Library/Thou_Shalt_Not_Reject_the_textitP-value.pdf:pdf},
mendeley-groups = {Urban Simulators/pruning cities 02},
pages = {1--36},
title = {{Thou Shalt Not Reject the P-value}},
url = {http://arxiv.org/abs/2002.07270},
year = {2020}
}
@article{Cutini2020,
author = {Cutini, Valerio and Pezzica, Camilla},
doi = {10.3390/su12114706},
file = {:C\:/Library/Cutini, Pezzica - 2020 - Street Network Resilience Put to the Test The Dramatic Crash of Genoa and Bologna Bridges.pdf:pdf},
issn = {20711050},
journal = {Sustainability (Switzerland)},
keywords = {Decision support system,Resilience indicators,Space syntax,Street network resilience,Sustainable urban form,Urban disaster,Urban resilience},
mendeley-groups = {Urban Simulators/pruning cities 02,Urban resilience,to be read},
month = {jun},
number = {11},
pages = {4706},
publisher = {Multidisciplinary Digital Publishing Institute},
title = {{Street network resilience put to test: The dramatic crash of Genoa and Bologna bridges}},
url = {https://www.mdpi.com/2071-1050/12/11/4706/htm https://www.mdpi.com/2071-1050/12/11/4706},
volume = {12},
year = {2020}
}
@article{Daganzo1998,
author = {Daganzo, Carlos F},
doi = {10.1287/trsc.32.1.3},
file = {:C\:/Library/Daganzo - 1998 - Queue Spillovers in Transportation Networks with a Route Choice.pdf:pdf},
issn = {0041-1655},
journal = {Transportation Science},
mendeley-groups = {Urban Simulators/pruning cities 02},
month = {feb},
number = {1},
pages = {3--11},
title = {{Queue Spillovers in Transportation Networks with a Route Choice}},
url = {https://www.jstor.org/stable/25768797 https://pubsonline.informs.org/doi/10.1287/trsc.32.1.3},
volume = {32},
year = {1998}
}
@article{Datta2019,
annote = {Interesting example for connecting Smart Citires and power},
author = {Datta, Ayona and Odendaal, Nancy},
doi = {10.1177/0263775819841765},
file = {:C\:/Library/Datta, Odendaal - 2019 - Smart cities and the banality of power.pdf:pdf},
issn = {0263-7758},
journal = {Environment and Planning D: Society and Space},
keywords = {Smart cities,power,urban transformation},
mendeley-groups = {Urban Simulators/pruning cities 02,Digital Democracy-COSS,Urban Planning},
month = {jun},
number = {3},
pages = {387--392},
publisher = {SAGE PublicationsSage UK: London, England},
title = {{Smart cities and the banality of power}},
url = {https://journals.sagepub.com/doi/full/10.1177/0263775819841765 http://journals.sagepub.com/doi/10.1177/0263775819841765},
volume = {37},
year = {2019}
}

@incollection{Deb2014,
author = {Deb, Kalyanmoy},
booktitle = {Search Methodologies: Introductory Tutorials in Optimization and Decision Support Techniques, Second Edition},
doi = {10.1007/978-1-4614-6940-7_15},
file = {:C\:/Library/Deb - 2014 - Multi-objective optimization.pdf:pdf},
isbn = {9781461469407},
mendeley-groups = {Computational Design,Urban Simulators/pruning cities 02},
month = {jan},
pages = {403--450},
publisher = {Springer US},
title = {{Multi-objective optimization}},
url = {https://link.springer.com/chapter/10.1007/978-1-4614-6940-7_15},
year = {2014}
}

@article{Duranton2011,
author = {Duranton, Gilles and Turner, Matthew A and Arnott, Richard and Borenstein, Severin and Desmet, Klaus and Brueckner, Jan and Couture, Victor and Glaeser, Edward and Kohlhagen, Steve and Kopp, Andreas and Levinson, David and Michaels, Guy and Mun, Ken},
doi = {10.1257/AER.101.6.2616},
file = {:C\:/Library/Duranton et al. - 2011 - The Fundamental Law of Road Congestion Evidence from US Cities.pdf:pdf},
issn = {0002-8282},
journal = {American Economic Review},
keywords = {Regulatory Policies,Safety and Accidents,Transportation Noise, Transportation Systems: Government Pricing,Transportation: Demand, Supply, and Congestion},
mendeley-groups = {Urban Simulators/pruning cities 02},
month = {oct},
number = {6},
pages = {2616--52},
title = {{The Fundamental Law of Road Congestion: Evidence from US Cities}},
url = {http://www.aeaweb.org/articles.php?doi=10.1257/aer.101.6.26162616http://www.aeaweb.org/articles.php?doi=10.1257/aer.101.6.2616.},
volume = {101},
year = {2011}
}
@article{Eggimann2022,
author = {Eggimann, Sven},
doi = {10.1038/s41893-022-00855-2},
file = {:C\:/Library/Eggimann - 2022 - The potential of implementing superblocks for multifunctional street use in cities.pdf:pdf},
issn = {23989629},
journal = {Nature Sustainability},
keywords = {Environmental impact,Geography,Urban ecology},
mendeley-groups = {Urban Planning,Urban Simulators/pruning cities 02,Urban Simulators/adaptive streets},
month = {mar},
number = {5},
pages = {406--414},
publisher = {Nature Publishing Group},
title = {{The potential of implementing superblocks for multifunctional street use in cities}},
url = {https://www.nature.com/articles/s41893-022-00855-2},
volume = {5},
year = {2022}
}
@article{Eggimann2021,
author = {Eggimann, Sven and Lischer, Philipp and Bolliger, Janine},
doi = {10.1088/1742-6596/2042/1/012005},
file = {:C\:/Library/Eggimann, Lischer, Bolliger - 2021 - Evaluating superblock design to enhance urban greening.pdf:pdf},
isbn = {042/1/012005},
issn = {1742-6596},
journal = {Journal of Physics: Conference Series},
keywords = {affordable,fast,flexible,open access,proceedings,template},
mendeley-groups = {Urban Simulators/pruning cities 02},
month = {nov},
number = {1},
pages = {012005},
publisher = {IOP Publishing},
title = {{Evaluating superblock design to enhance urban greening}},
url = {https://iopscience.iop.org/article/10.1088/1742-6596/2042/1/012005 https://iopscience.iop.org/article/10.1088/1742-6596/2042/1/012005/meta},
volume = {2042},
year = {2021}
}
@misc{ElPeriodico2022,
address = {Barcelona},
author = {{El Periodico}},
booktitle = {El Periodico},
file = {:C\:/Library/Atascos en Barcelona por la apertura completa del t{\'{u}}nel de Gl{\`{o}}ries.pdf:pdf},
mendeley-groups = {Newspapers articles,Urban Simulators/pruning cities 02},
month = {apr},
title = {{Atascos en Barcelona por la apertura completa del t{\'{u}}nel de Gl{\`{o}}ries}},
url = {https://www.elperiodico.com/es/barcelona/20220404/atascos-barcelona-apertura-completa-tunel-13471693},
year = {2022}
}
@article{Elgheznawy2020,
author = {Elgheznawy, Dalia and Eltarabily, Sara},
doi = {10.5923/j.arch.20201003.02},
file = {:C\:/Library/Elgheznawy, Eltarabily - 2020 - Post-Pandemic Cities-The Impact of COVID-19 on Cities and Urban Design Evaluating urban outdoor thermal.pdf:pdf},
journal = {Architecture Research},
keywords = {COVID-19,Healthy Cities,Pandemics,Smart cities,Urban design},
mendeley-groups = {Digital Democracy-COSS,Urban Simulators/Teleworking,Urban Simulators/pruning cities 02,Urban Simulators/adaptive streets,Urban Planning},
title = {{Post-Pandemic Cities - The Impact of COVID-19 on Cities and Urban Design}},
url = {https://www.researchgate.net/publication/346653660},
year = {2020}
}
@book{El-Haik2006,
address = {Hoboken, NJ, USA},
author = {El-Haik, Basem and Al-Aomar, Raid},
file = {:C\:/Library/Simulationbased_Lean_SixSigma_and_Design_for_SixSigma.pdf:pdf},
isbn = {9780471694908},
mendeley-groups = {Urban Simulators/pruning cities 02},
publisher = {John Wiley \& Sons},
title = {{Simulation-based Lean Six-Sigma}},
year = {2006}
}
@misc{EP2021,
address = {Barcelona},
author = {EP},
booktitle = {El Periodico},
file = {:C\:/Library/Un estudio alerta de que las supermanza.pdf:pdf},
mendeley-groups = {Newspapers articles,Urban Simulators/pruning cities 02},
month = {nov},
title = {{Un estudio alerta de que las supermanzanas y el urbanismo t{\'{a}}ctico aumentan la contaminaci{\'{o}}n en otras calles}},
url = {https://www.elperiodico.com/es/barcelona/20211123/estudio-ve-insuficientes-restricciones-trafico-barcelona-12889742},
year = {2021}
}
@article{Estrada2008,
author = {Estrada, Ernesto and Hatano, Naomichi},
doi = {10.1103/PhysRevE.77.036111},
file = {:C\:/Library/Estrada, Hatano - Unknown - Communicability in complex networks.pdf:pdf},
issn = {15393755},
journal = {Physical Review E - Statistical, Nonlinear, and Soft Matter Physics},
keywords = {0210Ox,8710e,8975Hc,numbers: 8975Fb},
mendeley-groups = {Urban Simulators/pruning cities 02},
number = {3},
title = {{Communicability in complex networks}},
volume = {77},
year = {2008}
}
@misc{EuropaPress2009,
address = {Barcelona},
author = {{Europa Press}},
booktitle = {La Vanguardia},
file = {:C\:/Library/La Avinguda de Roma ser{\'{a}} un parque a finales de a{\~{n}}o.pdf:pdf},
mendeley-groups = {Urban Simulators/pruning cities 02,Urban Planning,Newspapers articles},
month = {oct},
title = {{La Avinguda de Roma ser{\'{a}} un parque a finales de a{\~{n}}o}},
url = {https://www.lavanguardia.com/vida/20091029/53813915432/la-avinguda-de-roma-sera-un-parque-a-finales-de-ano.html},
year = {2009}
}
@article{Fainstein2005,
author = {Fainstein, Susan S.},
doi = {10.1177/1078087405278968},
file = {:C\:/Library/Fainstein - 2016 - Cities and Diversity.pdf:pdf},
issn = {10780874},
journal = {Urban Affairs Review},
keywords = {Capacities,Diversity,Just city,Urban planning},
mendeley-groups = {Urban Simulators/pruning cities 02,Digital Democracy-COSS,Urban Planning},
month = {sep},
number = {1},
pages = {3--19},
publisher = {Sage PublicationsSage CA: Thousand Oaks, CA},
title = {{Cities and diversity: Should we want it? Can we plan for it?}},
url = {https://journals.sagepub.com/doi/abs/10.1177/1078087405278968 http://journals.sagepub.com/doi/10.1177/1078087405278968},
volume = {41},
year = {2005}
}
@book{Field2014,
address = {Cambridge},
author = {Field, Christopher B and Barros, Vicente R and Dokken, David Jon and Mach, Katharine J and Mastrandrea, Michael D. and Bilir, T Eren and Chatterjee, Monalisa and Ebi, Kristie L. and Estrada, Yuka Otsuki and Genova, Robert C and Girma, Betelhem and Kissel, Eric S and Levy, Andrew N and MacCracken, Sandy and Mastrandrea, Patricia R and White, Leslie L},
booktitle = {Climate Change 2014 Impacts, Adaptation and Vulnerability: Part A: Global and Sectoral Aspects},
doi = {10.1017/CBO9781107415379},
editor = {Field, Christopher B. and Barros, Vicente R. and Dokken, David Jon and Mach, Katharine J. and Mastrandrea, Michael D.},
file = {:C\:/Library/Field et al. - Unknown - Climate Change 2014 Impacts, Adaptation, and Vulnerability Part A Global and Sectoral Aspects Working Group II.pdf:pdf},
isbn = {9781107415379},
keywords = {adaptation,climate change impacts,vulnerability},
mendeley-groups = {Urban Planning,Urban Simulators/pruning cities 02},
pages = {1--1131},
publisher = {Cambridge University Press},
title = {{Climate Change 2014 Impacts, Adaptation, and Vulnerability}},
url = {http://ebooks.cambridge.org/ref/id/CBO9781107415379},
year = {2014}
}
@inproceedings{Fu2020,
address = {New York, NY, USA},
author = {Fu, Kun and Meng, Fanlin and Ye, Jieping and Wang, Zheng},
booktitle = {Proceedings of the 26th ACM SIGKDD International Conference on Knowledge Discovery \& Data Mining},
doi = {10.1145/3394486.3403386},
file = {:C\:/Library/Fu et al. - 2020 - CompactETA A Fast Inference System for Travel Time Prediction.pdf:pdf},
isbn = {9781450379984},
keywords = {estimated time of arrival,graph attention network,low-latency system,positional encoding},
mendeley-groups = {Urban Simulators/pruning cities 02},
month = {aug},
pages = {3337--3345},
publisher = {ACM},
title = {{CompactETA}},
url = {https://doi.org/10.1145/3394486.3403386 https://dl.acm.org/doi/10.1145/3394486.3403386},
year = {2020}
}
@article{Garcia-Asenjo2022,
author = {Garc{\'{i}}a-Asenjo, David},
file = {:C\:/Library/Una arquitectura para mejorar la sociedad _ ctxt.es.pdf:pdf},
journal = {ctxt},
mendeley-groups = {Architecture,Urban Planning,Urban Simulators/pruning cities 02},
month = {oct},
title = {{Una arquitectura para mejorar la sociedad}},
url = {https://ctxt.es/es/20221001/Culturas/40901/},
year = {2022}
}
@article{Gascon2016,
author = {Gascon, Mireia and Triguero-Mas, Margarita and Mart{\'{i}}nez, David and Dadvand, Payam and Rojas-Rueda, David and Plas{\`{e}}ncia, Antoni and Nieuwenhuijsen, Mark J.},
doi = {10.1016/j.envint.2015.10.013},
file = {:C\:/Library/Gascon et al. - 2016 - Residential green spaces and mortality A systematic review.pdf:pdf},
issn = {01604120},
journal = {Environment International},
keywords = {Blue spaces,Green spaces,Mortality,NDVI,Nature,Systematic review},
mendeley-groups = {Policy,Urban Simulators/pruning cities 02,Urban Planning},
month = {jan},
pages = {60--67},
pmid = {26540085},
publisher = {Environ Int},
title = {{Residential green spaces and mortality: A systematic review}},
url = {https://pubmed.ncbi.nlm.nih.gov/26540085/ https://linkinghub.elsevier.com/retrieve/pii/S0160412015300799},
volume = {86},
year = {2016}
}
@techreport{GerenciadAreadEcologiaUrbana2021,
address = {Barcelona},
author = {{Ger{\`{e}}ncia d'{\`{A}}rea d'Ecologia Urbana}},
file = {:C\:/Library/Unknown - 2021 - CLIMATE EMERGENCY ACTION PLAN FOR 2030 CLIMATE ACTION.pdf:pdf},
institution = {Ajuntament de Barcelona},
mendeley-groups = {Urban Planning,Urban Simulators/pruning cities 02},
title = {{Climate emergency action plan for 2030}},
url = {http://hdl.handle.net/11703/123712},
year = {2021}
}
@misc{GermanAerospaceCenterDLRandothers,
author = {{German Aerospace Center (DLR) and others}},
booktitle = {2022},
mendeley-groups = {Urban Simulators/pruning cities 02},
title = {{Statistic Output - SUMO Documentation}},
url = {https://sumo.dlr.de/docs/Simulation/Output/StatisticOutput.html},
urldate = {2022-03-14}
}
@misc{GermanAerospaceCenterDLRandothers2022,
author = {{German Aerospace Center (DLR) and others}},
file = {:C\:/Library/Lane- or Edge-based Traffic Measures - SUMO Documentation.pdf:pdf},
mendeley-groups = {Urban Simulators/pruning cities 02},
title = {{Lane- or Edge-based Traffic Measures - SUMO Documentation}},
url = {https://sumo.dlr.de/docs/Simulation/Output/Lane-_or_Edge-based_Traffic_Measures.html},
urldate = {2022-11-10},
year = {2022}
}

@article{Gershenson2016,
archivePrefix = {arXiv},
arxivId = {1609.02000},
author = {Gershenson, Carlos and Santi, Paolo and Ratti, Carlo},
eprint = {1609.02000},
file = {:C\:/Library/Gershenson, Santi, Ratti - 2016 - Cybernetic Cities Designing and controlling adaptive and robust urban systems.pdf:pdf},
mendeley-groups = {Urban Planning,Policy,Digital Democracy-COSS,CoCi,Urban Simulators/pruning cities 02},
month = {sep},
title = {{Cybernetic Cities: Designing and controlling adaptive and robust urban systems}},
url = {http://arxiv.org/abs/1609.02000},
year = {2016}
}


@article{Ghazouani2020,
author = {Ghazouani, Assaad and Xia, Wanjun and {Ben Jebli}, Mehdi and Shahzad, Umer},
doi = {10.3390/su12208680},
file = {:C\:/Library/Ghazouani et al. - 2020 - Exploring the Role of Carbon Taxation Policies on CO2 Emissions Contextual Evidence from Tax Implementation an.pdf:pdf},
issn = {2071-1050},
journal = {Sustainability},
keywords = {CO2 emissions,Carbon-tax,Environmental regulations,Environmental related taxes,Propensity score method},
mendeley-groups = {Policy,Urban Simulators/pruning cities 02,Urban Planning},
month = {oct},
number = {20},
pages = {8680},
publisher = {Multidisciplinary Digital Publishing Institute},
title = {{Exploring the Role of Carbon Taxation Policies on CO2 Emissions: Contextual Evidence from Tax Implementation and Non-Implementation European Countries}},
url = {https://www.mdpi.com/2071-1050/12/20/8680/htm https://www.mdpi.com/2071-1050/12/20/8680},
volume = {12},
year = {2020}
}
@article{Glazener2019,
author = {Glazener, Andrew and Khreis, Haneen},
doi = {10.1007/s40572-019-0228-1},
file = {:C\:/Library/Glazener, Khreis - 2019 - Transforming Our Cities Best Practices Towards Clean Air and Active Transportation.pdf:pdf},
issn = {2196-5412},
journal = {Current Environmental Health Reports},
keywords = {Active transportation,Air pollution,Best practices,Cities,Clean air,Physical activity,Public health},
mendeley-groups = {Urban Simulators/pruning cities 02,Urban Planning,Policy},
month = {mar},
number = {1},
pages = {22--37},
pmid = {30701411},
publisher = {Springer},
title = {{Transforming Our Cities: Best Practices Towards Clean Air and Active Transportation}},
url = {https://link.springer.com/article/10.1007/s40572-019-0228-1 http://link.springer.com/10.1007/s40572-019-0228-1},
volume = {6},
year = {2019}
}
@article{Golfarelli2006,
author = {Golfarelli, Matteo and Rizzi, Stefano and Proli, Andrea},
doi = {10.1145/1183512.1183523},
file = {:C\:/Library/Golfarelli, Rizzi, Proli - 2006 - Designing what-if analysis Towards a methodology(2).pdf:pdf},
isbn = {1595935304},
journal = {DOLAP: Proceedings of the ACM International Workshop on Data Warehousing and OLAP},
keywords = {What-if analysis},
mendeley-groups = {Urban Simulators/pruning cities 02},
pages = {51--58},
title = {{Designing what-if analysis: Towards a methodology}},
url = {www.qliktech.com},
year = {2006}
}
@article{Gomez-de-Mariscal2021,
author = {G{\'{o}}mez-de-Mariscal, Estibaliz and Guerrero, Vanesa and Sneider, Alexandra and Jayatilaka, Hasini and Phillip, Jude M. and Wirtz, Denis and Mu{\~{n}}oz-Barrutia, Arrate},
doi = {10.1038/s41598-021-00199-5},
file = {:C\:/Library/G{\'{o}}mez-de-Mariscal et al. - 2021 - Use of the p-values as a size-dependent function to address practical differences when analyzing large.pdf:pdf},
isbn = {0123456789},
issn = {2045-2322},
journal = {Scientific Reports},
keywords = {Computational biology and bioinformatics,Computational models,Data mining,Data processing,Statistical methods},
mendeley-groups = {Urban Simulators/pruning cities 02},
month = {dec},
number = {1},
pages = {20942},
pmid = {34686696},
publisher = {Nature Publishing Group},
title = {{Use of the p-values as a size-dependent function to address practical differences when analyzing large datasets}},
url = {https://www.nature.com/articles/s41598-021-00199-5},
volume = {11},
year = {2021}
}
@article{Goncalves2020,
author = {Gon{\c{c}}alves, Lu{\'{i}}s A.P.J. and Ribeiro, Paulo J.G.},
doi = {10.37394/232015.2020.16.2},
file = {:C\:/Library/Gon{\c{c}}alves, Ribeiro - 2020 - The impact of the ring road conclusion to the city of Guimar{\~{a}}es, Portugal Analysis of variations of traffic.pdf:pdf},
issn = {22243496},
journal = {WSEAS Transactions on Environment and Development},
keywords = {Accessibilities,Ring roads,Through Traffic,Traffic Congestion,Transportation modelling,Urban road networks},
mendeley-groups = {Urban Simulators/pruning cities 02,Urban resilience,Urban Simulators/adaptive streets},
pages = {11--22},
publisher = {World Scientific and Engineering Academy and Society},
title = {{The impact of the ring road conclusion to the city of Guimar{\~{a}}es, Portugal: Analysis of variations of traffic flows and accessibilities}},
url = {http://repositorium.sdum.uminho.pt/handle/1822/65531 http://repositorium.sdum.uminho.pt/},
volume = {16},
year = {2020}
}
@article{Goos2010,
author = {Goos, Peter and Arnouts, Heidi and Jones, Bradley},
doi = {10.1002/QRE.1047},
file = {:C\:/Library/Goos, Arnouts, Jones - 2010 - Design and analysis of industrial strip-plot experiments.pdf:pdf},
issn = {07488017},
journal = {Quality and Reliability Engineering International},
keywords = {D-optimal strip-plot design,Experimental cost reduction,Post-fractionated strip-plot design,Robust product design,Row-column design,Split-lot design,Split-plot design,Two-stage processes},
mendeley-groups = {Urban Simulators/pruning cities 02},
month = {mar},
number = {2},
pages = {127--136},
title = {{Design and analysis of industrial strip-plot experiments}},
volume = {26},
year = {2010}
}
@article{Griswold2017,
author = {Griswold, Julia B. and Sztainer, Tal and Lee, Jinwoo and Madanat, Samer and Horvath, Arpad},
doi = {10.3389/fbuil.2017.00005},
file = {:C\:/Library/Griswold et al. - 2017 - Optimizing urban bus transit network design can lead to greenhouse gas emissions reduction(2).pdf:pdf},
issn = {2297-3362},
journal = {Frontiers in Built Environment},
keywords = {Barcelona case study,Bus transit networks,Continuum approximation methods,Cost reduction,Greenhouse gas emission reduction},
mendeley-groups = {Urban Simulators/pruning cities 02,Urban Simulators/adaptive streets,Urban Planning,Policy},
month = {feb},
pages = {5},
publisher = {Frontiers Media S.A.},
title = {{Optimizing Urban Bus Transit Network Design Can Lead to Greenhouse Gas Emissions Reduction}},
url = {http://journal.frontiersin.org/article/10.3389/fbuil.2017.00005/full},
volume = {3},
year = {2017}
}
@article{Guo2014,
author = {Guo, Yuming and Gasparrini, Antonio and Armstrong, Ben and Li, Shanshan and Tawatsupa, Benjawan and Tobias, Aurelio and Lavigne, Eric and {de Sousa Zanotti Stagliorio Coelho}, Micheline and Leone, Michela and Pan, Xiaochuan and Tong, Shilu and Tian, Linwei and Kim, Ho and Hashizume, Masahiro and Honda, Yasushi and Guo, Yue-Liang Leon and Wu, Chang-Fu and Punnasiri, Kornwipa and Yi, Seung-Muk and Michelozzi, Paola and Saldiva, Paulo Hilario Nascimento and Williams, Gail},
doi = {10.1097/EDE.0000000000000165},
file = {:C\:/Library/Global_Variation_in_the_Effects_of_Ambient.1.pdf:pdf},
issn = {1044-3983},
journal = {Epidemiology},
mendeley-groups = {Policy,Urban Simulators/pruning cities 02,Urban Planning},
month = {nov},
number = {6},
pages = {781--789},
pmid = {25166878},
publisher = {Lippincott Williams and Wilkins},
title = {{Global Variation in the Effects of Ambient Temperature on Mortality}},
url = {https://journals.lww.com/epidem/Fulltext/2014/11000/Global_Variation_in_the_Effects_of_Ambient.1.aspx http://journals.lww.com/00001648-201411000-00001},
volume = {25},
year = {2014}
}
@inproceedings{Hajij2018,
archivePrefix = {arXiv},
arxivId = {1707.06683},
author = {Hajij, Mustafa and Wang, Bei and Scheidegger, Carlos and Rosen, Paul},
booktitle = {IEEE Pacific Visualization Symposium},
doi = {10.1109/PacificVis.2018.00024},
eprint = {1707.06683},
file = {:C\:/Library/Hajij et al. - Unknown - Visual Detection of Structural Changes in Time-Varying Graphs Using Persistent Homology Time of Day Node Class.pdf:pdf},
isbn = {9781538614242},
issn = {21658773},
keywords = {event detection,graph drawing,graph timeline,graph visualization,persistent homology,topological data analysis},
mendeley-groups = {Urban Simulators/pruning cities 02},
pages = {125--134},
title = {{Visual Detection of Structural Changes in Time-Varying Graphs Using Persistent Homology}},
volume = {2018-April},
year = {2018}
}
@article{Hanzl2020,
author = {Hanzl, Ma{\l}gorzata},
doi = {10.1080/23748834.2020.1791441},
file = {:C\:/Library/Urban forms and green infrastructure the implications for public health during the COVID 19 pandemic.pdf:pdf},
issn = {2374-8834},
journal = {Cities \& Health},
keywords = {COVID-19,Public health,ecosystem services,green infrastructure,pandemic,urban form},
mendeley-groups = {Urban Simulators/pruning cities 02,Urban Planning,Policy},
month = {jul},
pages = {1--5},
publisher = {Routledge},
title = {{Urban forms and green infrastructure – the implications for public health during the COVID-19 pandemic}},
url = {https://www.tandfonline.com/doi/abs/10.1080/23748834.2020.1791441 https://www.tandfonline.com/doi/full/10.1080/23748834.2020.1791441},
year = {2020}
}
@article{Hardin1968,
author = {Hardin, Garrett},
doi = {10.1126/science.162.3859.1243},
file = {:C\:/Library/f60a6e88-7f39-47b3-93ff-16555b368a7f.pdf:pdf},
issn = {0036-8075},
journal = {Science},
mendeley-groups = {Urban Simulators/pruning cities 02,Digital Democracy-COSS},
month = {dec},
number = {3859},
pages = {1243--1248},
pmid = {5699198},
publisher = {American Association for the Advancement of Science},
title = {{The Tragedy of the Commons}},
url = {https://www.science.org/doi/10.1126/science.162.3859.1243},
volume = {162},
year = {1968}
}
@article{Hartigan1985,
author = {Hartigan, J. A. and Hartigan, P. M.},
doi = {10.1214/aos/1176346577},
file = {:C\:/Library/Hartigan, Hartigan - 1985 - The Dip Test of Unimodality.pdf:pdf},
issn = {0090-5364},
journal = {The Annals of Statistics},
keywords = {62F05,62G05,Empirical distribution,isotonic regression,multimodality},
mendeley-groups = {Urban Simulators/pruning cities 02},
month = {mar},
number = {1},
pages = {70--84},
publisher = {Institute of Mathematical Statistics},
title = {{The Dip Test of Unimodality}},
url = {https://projecteuclid.org/journals/annals-of-statistics/volume-13/issue-1/The-Dip-Test-of-Unimodality/10.1214/aos/1176346577.short},
volume = {13},
year = {1985}
}
@techreport{Hausberger2014,
address = {Berlin-Adlershof},
author = {Hausberger, Stefan and Krajzewicz, Daniel},
file = {:C\:/Library/Unknown - Unknown - Cooperative Self-Organizing System for low Carbon Mobility at low Penetration Rates Document Information Title Deliv.pdf:pdf},
institution = {DLR - Institute of Transportation Systems},
keywords = {PHEMlight,vehicular emission modelling},
mendeley-groups = {Urban Simulators/pruning cities 02},
pages = {61},
title = {{COLOMBO Deliverable 4.2: Extended Simulation Tool PHEM coupled to SUMO with User Guide}},
url = {https://elib.dlr.de/98047/},
year = {2014}
}
@techreport{Hausberger2009,
author = {Hausberger, Stefan and Rexeis, Martin and Zallinger, Michael and Luz, Raphael},
file = {:C\:/Library/Univ et al. - 2009 - Emission Factors from the Model PHEM for the HBEFA Version 3.pdf:pdf},
institution = {TU Graz. Institute for Internal Combustion Engines and Thermodynamics.},
mendeley-groups = {Urban Simulators/pruning cities 02},
title = {{Emission Factors from the Model PHEM for the HBEFA Version 3. Report Nr. I-20a/2009 Haus-Em 33a/08/679}},
url = {https://www.hbefa.net/e/documents/HBEFA_31_Docu_hot_emissionfactors_PC_LCV_HDV.pdf},
year = {2009}
}
@article{Hayes2015,
author = {Hayes, Brian},
doi = {10.1511/2015.115.260},
file = {:C\:/Library/2015-103-4-CompSci.pdf:pdf},
issn = {0003-0996},
journal = {American Scientist},
mendeley-groups = {Urban Planning,Urban Simulators/paper BCN (pruning cities 01),Digital Twins,Urban Simulators,Urban Simulators/adaptive streets,Urban Simulators/pruning cities 02,Simulations and Crowds,Digital Twins/Urban Digital Twins},
number = {4},
pages = {260},
publisher = {Sigma Xi},
title = {{Playing in Traffic}},
volume = {103},
year = {2015}
}
@article{Helbing2009,
archivePrefix = {arXiv},
arxivId = {0805.3402},
author = {Helbing, D. and Johansson, A. F.},
doi = {10.1140/epjb/e2009-00182-7},
eprint = {0805.3402},
file = {:C\:/Library/Helbing, Johansson - 2009 - On the controversy around Daganzo's requiem for and Aw-Rascle's resurrection of second-order traffic flow mo.pdf:pdf},
issn = {14346028},
journal = {European Physical Journal B},
keywords = {Complex Systems,Condensed Matter Physics,Fluid,Physics,Solid State Physics,and Aerodynamics,general},
mendeley-groups = {Urban Simulators/pruning cities 02,Digital Twins,Digital Twins/DT: Potential Limitations and Ethical Issues},
month = {may},
number = {4},
pages = {549--562},
publisher = {Springer},
title = {{On the controversy around daganzo's requiem for and Aw-Rascle's resurrection of second-order traffic flow models}},
url = {https://link.springer.com/article/10.1140/epjb/e2009-00182-7},
volume = {69},
year = {2009}
}
@article{Helbing2009a,
archivePrefix = {arXiv},
arxivId = {0903.0929},
author = {Helbing, D. and Treiber, M. and Kesting, A. and Sch{\"{o}}nhof, M.},
doi = {10.1140/epjb/e2009-00140-5},
eprint = {0903.0929},
file = {:C\:/Library/Helbing et al. - 2009 - Theoretical vs. empirical classification and prediction of congested traffic states.pdf:pdf},
issn = {14346028},
journal = {European Physical Journal B},
keywords = {Complex Systems,Condensed Matter Physics,Fluid,Physics,Solid State Physics,and Aerodynamics,general},
mendeley-groups = {Urban Simulators/pruning cities 02,Digital Twins,Digital Twins/DT: Potential Limitations and Ethical Issues},
month = {apr},
number = {4},
pages = {583--598},
publisher = {Springer},
title = {{Theoretical vs. empirical classification and prediction of congested traffic states}},
url = {https://link.springer.com/article/10.1140/epjb/e2009-00140-5},
volume = {69},
year = {2009}
}
@article{Helbing2005,
archivePrefix = {arXiv},
arxivId = {physics/0504189},
author = {Helbing, Dirk and Sch{\"{o}}nhof, Martin and Stark, Hans Ulrich and Holyst, Janusz A.},
doi = {10.1142/S0219525905000361},
eprint = {0504189},
file = {:C\:/Library/ACS_Vol8_No1_2005_87-116.pdf:pdf},
issn = {02195259},
journal = {Advances in Complex Systems},
keywords = {Game theory,Multi-agent simulation,Reinforcement learning},
mendeley-groups = {Urban Simulators/pruning cities 02},
number = {1},
pages = {87--116},
primaryClass = {physics},
title = {{How individuals learn to take turns: Emergence of alternating cooperation in a congestion game and the prisoner's dilemma}},
volume = {8},
year = {2005}
}

@article{Helbing2013,
author = {Helbing, Dirk},
doi = {10.1038/nature12047},
file = {:C\:/Library/Helbing - 2013 - Globally networked risks and how to respond.pdf:pdf},
issn = {1476-4687},
journal = {Nature},
keywords = {Complex networks,Phase transitions and critical phenomena,Socioeconomic scenarios,Sustainability},
mendeley-groups = {Digital Twins,Digital Twins/DT: Potential Limitations and Ethical Issues,Urban Simulators/pruning cities 02},
month = {may},
number = {7447},
pages = {51--9},
pmid = {23636396},
publisher = {Nature Publishing Group},
title = {{Globally networked risks and how to respond.}},
url = {https://www.nature.com/articles/nature12047 http://www.nature.com/articles/nature12047 http://www.ncbi.nlm.nih.gov/pubmed/23636396},
volume = {497},
year = {2013}
}

@incollection{Helbing2012,
address = {Berlin, Heidelberg},
author = {Helbing, Dirk},
booktitle = {Social Self-Organization},
chapter = {14},
doi = {10.1007/978-3-642-24004-1_14},
editor = {Helbing, Dirk},
issn = {18600832},
mendeley-groups = {Digital Twins,Digital Twins/DT: Potential Limitations and Ethical Issues,Urban Simulators},
pages = {261--284},
publisher = {Springer},
title = {{Systemic Risks in Society and Economics}},
url = {https://link.springer.com/chapter/10.1007/978-3-642-24004-1_14 http://link.springer.com/10.1007/978-3-642-24004-1_14},
year = {2012}
}

@article{Holmes2006,
author = {Holmes, N.S. and Morawska, L.},
doi = {10.1016/j.atmosenv.2006.06.003},
file = {:C\:/Library/Holmes, Morawska - 2006 - A review of dispersion modelling and its application to the dispersion of particles An overview of different d.pdf:pdf},
issn = {13522310},
journal = {Atmospheric Environment},
mendeley-groups = {Urban Simulators/pruning cities 02},
month = {sep},
number = {30},
pages = {5902--5928},
publisher = {Pergamon},
title = {{A review of dispersion modelling and its application to the dispersion of particles: An overview of different dispersion models available}},
url = {https://linkinghub.elsevier.com/retrieve/pii/S1352231006006339},
volume = {40},
year = {2006}
}

@article{Iacono2008,
author = {Iacono, Michael and Levinson, David and El-Geneidy, Ahmed},
doi = {10.1177/0885412207314010},
issn = {08854122},
journal = {Journal of Planning Literature},
keywords = {Gravity model,Land use,Mathematical models,Microsimulation,Transportation planning,Urban growth},
mendeley-groups = {Urban Simulators/Teleworking,Urban Planning,Urban Simulators/pruning cities 02},
month = {may},
number = {4},
pages = {323--340},
publisher = {SAGE PublicationsSage CA: Los Angeles, CA},
title = {{Models of transportation and land use change: A guide to the territory}},
url = {http://journals.sagepub.com/doi/10.1177/0885412207314010},
volume = {22},
year = {2008}
}

@article{Jafari2019,
author = {Jafari, Mohieddin and Ansari-Pour, Naser},
doi = {10.22074/cellj.2019.5992},
file = {:C\:/Library/Jafari, Ansari-Pour - 2019 - Why, When and How to Adjust Your P Values.pdf:pdf},
issn = {22285814},
journal = {Cell Journal},
keywords = {Bias,Gene expression profiling,Genetic variation,Research design,Statistical data analyses},
mendeley-groups = {Urban Simulators/pruning cities 02},
number = {4},
pages = {604--607},
pmid = {30124010},
publisher = {Royan Institute},
title = {{Why, when and how to adjust your P values?}},
url = {/pmc/articles/PMC6099145/ /pmc/articles/PMC6099145/?report=abstract https://www.ncbi.nlm.nih.gov/pmc/articles/PMC6099145/},
volume = {20},
year = {2019}
}

@article{Kamel2020,
author = {Kamel, Mohamed Bayoumi and Sayed, Tarek},
doi = {10.1177/2399808320964469},
file = {:C\:/Library/Kamel, Sayed - 2020 - The impact of bike network indicators on bike kilometers traveled and bike safety A network theory approach.pdf:pdf},
issn = {23998091},
journal = {https://doi.org/10.1177/2399808320964469},
keywords = {GIS (geographical information systems),Graph theory,bike kilometers traveled,cyclist safety,network graphs},
mendeley-groups = {Urban Simulators/pruning cities 02,Urban Simulators/adaptive streets,Urban Planning,Policy},
month = {oct},
number = {7},
pages = {2055--2072},
publisher = {SAGE PublicationsSage UK: London, England},
title = {{The impact of bike network indicators on bike kilometers traveled and bike safety: A network theory approach}},
url = {https://journals.sagepub.com/doi/full/10.1177/2399808320964469},
volume = {48},
year = {2020}
}
@article{Kesting2008,
author = {Kesting, Arne and Treiber, Martin and Sch{\"{o}}nhof, Martin and Helbing, Dirk},
doi = {10.1016/j.trc.2007.12.004},
file = {:C\:/Library/Kesting et al. - 2008 - Adaptive cruise control design for active congestion avoidance.pdf:pdf},
issn = {0968090X},
journal = {Transportation Research Part C: Emerging Technologies},
keywords = {Adaptive cruise control (ACC),Car-following models,Driver assistance system,Driving strategy,GPS,Microscopic traffic simulation,Traffic state detection},
mendeley-groups = {Urban Simulators/pruning cities 02,Digital Twins,Digital Twins/DT: Potential Limitations and Ethical Issues},
month = {dec},
number = {6},
pages = {668--683},
publisher = {Pergamon},
title = {{Adaptive cruise control design for active congestion avoidance}},
volume = {16},
year = {2008}
}
@article{Kim2021,
author = {Kim, Jae H. and Choi, In},
doi = {10.1111/abac.12172},
file = {:C\:/Library/Kim, Choi - 2021 - Choosing the Level of Significance A Decision-theoretic Approach.pdf:pdf},
issn = {0001-3072},
journal = {Abacus},
keywords = {Bootstrapping,Expected loss,Optimal significance level,Power analysis,Statistical significance},
mendeley-groups = {Urban Simulators/pruning cities 02},
month = {mar},
number = {1},
pages = {27--71},
publisher = {John Wiley \& Sons, Ltd},
title = {{Choosing the Level of Significance: A Decision‐theoretic Approach}},
url = {https://onlinelibrary.wiley.com/doi/full/10.1111/abac.12172 https://onlinelibrary.wiley.com/doi/abs/10.1111/abac.12172 https://onlinelibrary.wiley.com/doi/10.1111/abac.12172},
volume = {57},
year = {2021}
}
@article{Kleijnen1995,
author = {Kleijnen, Jack P C and Bosman, Patrick and Wiley, John},
doi = {10.1002/SDR.4260110403},
file = {:C\:/Library/Kleijnen, Bosman, Wiley - 1995 - Sensitivity analysis and optimization of system dynamics models Regression analysis and statistical des.pdf:pdf},
isbn = {4260110403},
issn = {1099-1727},
journal = {System Dynamics Review},
mendeley-groups = {Urban Simulators/pruning cities 02},
month = {dec},
number = {4},
pages = {275--288},
publisher = {John Wiley \& Sons, Ltd},
title = {{Sensitivity analysis and optimization of system dynamics models: Regression analysis and statistical design of experiments}},
url = {https://onlinelibrary.wiley.com/doi/full/10.1002/sdr.4260110403 https://onlinelibrary.wiley.com/doi/abs/10.1002/sdr.4260110403 https://onlinelibrary.wiley.com/doi/10.1002/sdr.4260110403},
volume = {11},
year = {1995}
}
@article{Kleijnen1992,
author = {Kleijnen, Jack P.C.},
doi = {10.1016/0378-4754(92)90007-4},
file = {:C\:/Library/1-s2.0-0378475492900074-main.pdf:pdf},
issn = {03784754},
journal = {Mathematics and Computers in Simulation},
mendeley-groups = {Urban Simulators/pruning cities 02},
month = {sep},
number = {3-4},
pages = {297--315},
publisher = {North-Holland},
title = {{Sensitivity analysis of simulation experiments: regression analysis and statistical design}},
volume = {34},
year = {1992}
}
@incollection{Kohavi2017,
address = {Boston, MA},
author = {Kohavi, Ron and Longbotham, Roger},
booktitle = {Encyclopedia of Machine Learning and Data Mining},
doi = {10.1007/978-1-4899-7687-1_891},
file = {:C\:/Library/Kohavi, Longbotham - Unknown - Online Controlled Experiments and AB Testing.pdf:pdf},
mendeley-groups = {Urban Simulators/pruning cities 02},
pages = {922--929},
publisher = {Springer US},
title = {{Online Controlled Experiments and A/B Testing}},
url = {http://link.springer.com/10.1007/978-1-4899-7687-1_891},
year = {2017}
}
@misc{Kubara2020,
author = {Kubara, Kacper},
booktitle = {Towards Data Science},
file = {:C\:/Library/Feature Extraction for Graphs by K. Kubara _ Towards Data Science.pdf:pdf},
mendeley-groups = {Urban Simulators/pruning cities 02},
title = {{Feature Extraction for Graphs}},
url = {https://towardsdatascience.com/feature-extraction-for-graphs-625f4c5fb8cd},
urldate = {2021-11-22},
year = {2020}
}
@article{Kumar2015,
author = {Kumar, Prashant and Morawska, Lidia and Martani, Claudio and Biskos, George and Neophytou, Marina and {Di Sabatino}, Silvana and Bell, Margaret and Norford, Leslie and Britter, Rex},
doi = {10.1016/j.envint.2014.11.019},
file = {:C\:/Library/Kumar et al. - 2015 - The rise of low-cost sensing for managing air pollution in cities.pdf:pdf},
issn = {01604120},
journal = {Environment International},
keywords = {Air pollution,Cities and megacities,Exposure assessment,Health risks,Sensors},
mendeley-groups = {Policy,Urban Simulators/pruning cities 02},
month = {feb},
pages = {199--205},
pmid = {25483836},
publisher = {Pergamon},
title = {{The rise of low-cost sensing for managing air pollution in cities}},
url = {https://linkinghub.elsevier.com/retrieve/pii/S0160412014003547},
volume = {75},
year = {2015}
}

@article{Lammer2008,
archivePrefix = {arXiv},
arxivId = {0802.0403},
author = {L{\"{a}}mmer, Stefan and Helbing, Dirk},
doi = {10.1088/1742-5468/2008/04/P04019},
eprint = {0802.0403},
issn = {17425468},
journal = {Journal of Statistical Mechanics: Theory and Experiment},
keywords = {Flow control,Self-driven particles,Traffic and crowd dynamics,Traffic models},
mendeley-groups = {CoCi,Digital Twins/DT: Potential Limitations and Ethical Issues},
number = {4},
title = {{Self-control of traffic lights and vehicle flows in urban road networks}},
volume = {2008},
year = {2008}
}

@inproceedings{Law2019,
author = {Law, Averill M.},
booktitle = {Proceedings - Winter Simulation Conference},
doi = {10.1109/WSC40007.2019.9004789},
isbn = {9781728132839},
issn = {08917736},
mendeley-groups = {Simulations and Crowds,Urban Simulators/pruning cities 02},
month = {dec},
pages = {1402--1414},
publisher = {IEEE},
title = {{How to Build Valid and Credible Simulation Models}},
url = {https://ieeexplore.ieee.org/document/9004789/},
volume = {2019-Decem},
year = {2019}
}

@article{Lee1999,
author = {Lee, Douglass B. and Klein, Lisa A. and Camus, Gregorio},
doi = {10.3141/1659-09},
file = {:C\:/Library/Lee, Klein, Camus - 1999 - Induced Traffic and Induced Demand.pdf:pdf},
issn = {03611981},
journal = {Transportation Research Record},
mendeley-groups = {Urban Simulators/pruning cities 02},
month = {jan},
number = {1659},
pages = {68--75},
publisher = {SAGE PublicationsSage CA: Los Angeles, CA},
title = {{Induced traffic and induced demand}},
url = {https://journals.sagepub.com/doi/10.3141/1659-09},
year = {1999}
}
@article{Lee2013,
author = {Lee, Gunwoo and Joo, Shinhye and Oh, Cheol and Choi, Keechoo},
doi = {10.1016/j.trd.2013.08.002},
file = {:C\:/Library/Lee et al. - 2013 - An evaluation framework for traffic calming measures in residential areas.pdf:pdf},
issn = {13619209},
journal = {Transportation Research Part D: Transport and Environment},
keywords = {Acceleration noise,Microscopic traffic simulation,Traffic calming,Vehicle emissions},
mendeley-groups = {Urban Simulators/pruning cities 02},
month = {dec},
pages = {68--76},
publisher = {Pergamon},
title = {{An evaluation framework for traffic calming measures in residential areas}},
url = {https://linkinghub.elsevier.com/retrieve/pii/S1361920913001090},
volume = {25},
year = {2013}
}
@article{Lejri2018,
author = {Lejri, Delphine and Can, Arnaud and Schiper, Nicole and Leclercq, Ludovic},
doi = {10.1016/j.trd.2018.06.023},
file = {:C\:/Library/Lejri et al. - 2018 - Accounting for traffic speed dynamics when calculating COPERT and PHEM pollutant emissions at the urban scale.pdf:pdf},
issn = {13619209},
journal = {Transportation Research Part D: Transport and Environment},
keywords = {Comparison of COPERT and PHEM,Mean speed definition,Network emission modeling,Traffic microsimulation,Vehicle kinematics representation},
mendeley-groups = {Urban Simulators/pruning cities 02},
month = {aug},
pages = {588--603},
publisher = {Pergamon},
title = {{Accounting for traffic speed dynamics when calculating COPERT and PHEM pollutant emissions at the urban scale}},
url = {https://linkinghub.elsevier.com/retrieve/pii/S1361920917310659},
volume = {63},
year = {2018}
}
@inproceedings{Lopes2007,
address = {Amsterdam},
author = {Lopes, Raul H C and Reid, Ivan and Hobson, Peter R},
booktitle = {XI International Workshop on Advanced Computing and Analysis Techniques in Physics Research},
file = {:C\:/Library/Lopes, Reid, Hobson - Unknown - The two-dimensional Kolmogorov-Smirnov test The two-dimensional KS test.pdf:pdf},
mendeley-groups = {Urban Simulators/pruning cities 02},
title = {{The two-dimensional Kolmogorov-Smirnov test}},
url = {http://pos.sissa.it/ http://pos.sissa.it/%0Ahttp://pos.sissa.it/%0Ahttp://bura.brunel.ac.uk/handle/2438/1166},
year = {2007}
}
@article{Lopez2020,
author = {L{\'{o}}pez, Iv{\'{a}}n and Ortega, Jordi and Pardo, Mercedes},
doi = {10.3390/atmos11040410},
file = {:C\:/Library/L{\'{o}}pez, Ortega, Pardo - 2020 - Mobility Infrastructures in Cities and Climate Change An Analysis Through the Superblocks in Barcelona.pdf:pdf},
issn = {2073-4433},
journal = {Atmosphere},
keywords = {Barcelona,cities,climate change,superblocks,urban mobility},
mendeley-groups = {Urban Simulators/pruning cities 02,Urban Planning},
month = {apr},
number = {4},
pages = {410},
publisher = {Multidisciplinary Digital Publishing Institute},
title = {{Mobility Infrastructures in Cities and Climate Change: An Analysis Through the Superblocks in Barcelona}},
url = {https://www.mdpi.com/2073-4433/11/4/410/htm https://www.mdpi.com/2073-4433/11/4/410},
volume = {11},
year = {2020}
}

@article{Mahajan2022,
author = {Mahajan, Sachit and Hausladen, Carina I. and {Argota S{\'{a}}nchez-Vaquerizo}, Javier and Korecki, Marcin and Helbing, Dirk},
doi = {10.1016/j.scs.2022.103942},
issn = {22106707},
journal = {Sustainable Cities and Society},
keywords = {Co-Evolution,Collective Intelligence,Connec-tive Action,Participation,Resilience,Risk,Sustainability 1},
mendeley-groups = {Policy,Digital Democracy-COSS,Digital Twins/DT: Potential Limitations and Ethical Issues,Digital Twins,Urban Planning,Urban resilience,Urban Simulators/pruning cities 02},
month = {aug},
pages = {103942},
publisher = {Elsevier},
title = {{Participatory resilience: Surviving, recovering and improving together}},
url = {https://linkinghub.elsevier.com/retrieve/pii/S2210670722002633},
volume = {83},
year = {2022}
}


@techreport{MaldonadoRiesgo2019,
address = {Madrid},
author = {{Maldonado Riesgo}, Guillermo},
file = {:C\:/Library/Unknown - Unknown - Estudio de impacto sobre el tr{\'{a}}fico de la nueva calle 51 del PAU de Valdebebas Memoria.pdf:pdf},
institution = {Junta de Compensaci{\'{o}}n de Valdebebas},
mendeley-groups = {Urban Simulators,Urban Simulators/pruning cities 02},
title = {{Estudio de impacto sobre el tr{\'{a}}fico de la nueva calle 51 del PAU de Valdebebas Memoria}},
year = {2019}
}
@book{Manzo2013,
author = {Manzo, Lynne C. and Devine-Wright, Patrick},
doi = {10.4324/9780203757765},
editor = {Manzo, Lynne and Devine-Wright, Patrick},
file = {:C\:/Library/9780203757765_webpdf.pdf:pdf},
isbn = {9781135016067},
mendeley-groups = {Urban Planning,Urban Simulators/pruning cities 02},
month = {aug},
pages = {1--217},
publisher = {Routledge},
title = {{Place Attachment}},
url = {https://www.taylorfrancis.com/books/mono/10.4324/9780203757765/place-attachment-lynne-manzo-patrick-devine-wright https://www.taylorfrancis.com/books/9781135016067},
year = {2013}
}
@article{Marcheschi2022,
author = {Marcheschi, Elizabeth and Vogel, Nina and Larsson, Anders and Perander, Sonja and Koglin, Till},
doi = {10.1016/j.trip.2022.100585},
file = {:C\:/Library/Marcheschi et al. - 2022 - Residents' acceptance towards car-free street experiments Focus on perceived quality of life and neighborhood.pdf:pdf},
issn = {25901982},
journal = {Transportation Research Interdisciplinary Perspectives},
keywords = {Car-free street experiments,Neighbourhood attachment,Quality of life,Residents' perception,Usability and acceptance of car-free streets},
mendeley-groups = {to be read,Urban Simulators/pruning cities 02},
month = {jun},
pages = {100585},
publisher = {Elsevier},
title = {{Residents' acceptance towards car-free street experiments: Focus on perceived quality of life and neighborhood attachment}},
url = {https://linkinghub.elsevier.com/retrieve/pii/S2590198222000483},
volume = {14},
year = {2022}
}
@misc{MarquezDaniel2022,
address = {Barcelona},
author = {{M{\'{a}}rquez Daniel}, Carlos},
booktitle = {El Periodico},
file = {:C\:/Library/Salvador Rueda_ _El plan de ejes verdes de Barcelona no resuelve nada_.pdf:pdf},
mendeley-groups = {Urban Planning,Urban Simulators/pruning cities 02,Newspapers articles},
month = {apr},
title = {{Salvador Rueda: "El plan de ejes verdes de Barcelona no resuelve nada"}},
url = {https://www.elperiodico.com/es/barcelona/20220429/salvador-rueda-padre-supermanzanas-critica-plan-ejes-verdes-barcelona-13584815},
year = {2022}
}
@misc{MarquezDaniel2023,
address = {Barcelona},
author = {{M{\'{a}}rquez Daniel}, Carlos},
booktitle = {El Periodico},
file = {:C\:/Library/elperiodico.com-Una jueza ordena desmantelar el eje verde de Consell de Cent.pdf:pdf},
mendeley-groups = {Urban Planning,Newspapers articles,Urban Simulators/pruning cities 02},
month = {sep},
title = {{Una jueza ordena desmantelar el eje verde de Consell de Cent}},
url = {https://www.elperiodico.com/es/barcelona/20230907/jueza-ordena-desmantelar-eje-verde-consell-de-cent-91809437},
year = {2023}
}
@article{Martin-Vide2015,
author = {Mart{\'{i}}n-Vide, Javier and {M. Artola}, V{\'{i}}ctor and Cordobilla, M{\textordfeminine} Jos{\'{e}} and Moreno, M{\textordfeminine} Carmen},
file = {:C\:/Library/Unknown - 2015 - LA ISLA DE CALOR EN EL {\'{A}}REA METROPOLITANA DE BARCELONA Y LA ADAPTACI{\'{O}}N AL CAMBIO CLIM{\'{A}}TICO.pdf:pdf},
journal = {Direcci{\'{o}} de Serveis Ambientals de l'AMB Assist{\`{e}}ncia, Barcelona Regional.},
mendeley-groups = {Urban Planning,Urban Simulators/pruning cities 02},
pages = {101},
title = {{La isla de calor en el {\'{a}}rea metropolitana de Barcelona y la adaptaci{\'{o}}n al cambio clim{\'{a}}tico}},
url = {http://www.amb.cat/ca/web/medi-ambient/actualitat/publicacions/detall/-/publicacio/la-isla-de-calor-en-el-area-metropolitana-de-barcelona-y-la-adaptacion/5773152/11818},
year = {2015}
}
@article{Massey1951,
author = {Massey, Frank J},
doi = {10.1080/01621459.1951.10500769},
file = {:C\:/Library/Massey - 1951 - The Kolmogorov-Smirnov Test for Goodness of Fit.pdf:pdf},
issn = {0162-1459},
journal = {Journal of the American Statistical Association},
mendeley-groups = {Urban Simulators/pruning cities 02},
month = {mar},
number = {253},
pages = {68--78},
title = {{The Kolmogorov-Smirnov Test for Goodness of Fit}},
url = {https://www.tandfonline.com/action/journalInformation?journalCode=uasa20 http://www.tandfonline.com/doi/abs/10.1080/01621459.1951.10500769},
volume = {46},
year = {1951}
}
@inproceedings{Metcalf2009,
author = {Metcalf, Gilbert E. and Weisbach, David},
booktitle = {Harvard Environmental Law Review},
doi = {10.2139/ssrn.1327260},
file = {:C\:/Library/33HarvEnvtlLRev499.pdf:pdf},
issn = {01478257},
mendeley-groups = {Policy,Urban Simulators/pruning cities 02,Urban Planning},
number = {2},
pages = {499--556},
title = {{The design of a carbon tax}},
url = {https://heinonline.org/HOL/Page?handle=hein.journals/helr33&id=503&div=20&collection=journals},
volume = {33},
year = {2009}
}
@techreport{Michaux2021,
author = {Michaux, Simon},
doi = {10.13140/RG.2.2.10175.84640},
file = {:C\:/Library/Michaux - Unknown - The Mining of Minerals and the Limits to Growth Oil from a Critical Resource Perspective View project Resource Balan.pdf:pdf},
institution = {Geological Survey of Finland (GTK)},
keywords = {Limits to Growth,Minerals,decreasing discovery rate,decreasing grade,energy consumption,grind size,metals price,mineral texture,mining waste,ore hardness,production,resources},
mendeley-groups = {Policy,Urban Simulators/pruning cities 02},
title = {{The Mining of Minerals and the Limits to Growth}},
url = {https://www.researchgate.net/publication/351712079},
year = {2021}
}
@misc{Michaux2022,
author = {Michaux, Simon P},
file = {:C\:/Library/Michaux - Unknown - ASSESSMENTS OF THE PHYSICAL REQUIREMENTS TO GLOBALLY PHASE OUT FOSSIL FUELS.pdf:pdf},
mendeley-groups = {Policy,Urban Simulators/pruning cities 02},
title = {{Assessments of the physical requirements to globally phase out fossil fuels}},
year = {2022}
}
@article{Mirzahossein2022,
author = {Mirzahossein, Hamid and Gholampour, Iman and Sajadi, Sayed Reza and Zamani, Amir Hossein},
doi = {10.1049/itr2.12224},
file = {:C\:/Library/Mirzahossein et al. - 2022 - A hybrid deep and machine learning model for short-term traffic volume forecasting of adjacent intersection.pdf:pdf},
issn = {17519578},
journal = {IET Intelligent Transport Systems},
mendeley-groups = {Urban Simulators/pruning cities 02},
month = {nov},
number = {11},
pages = {1648--1663},
publisher = {The Institution of Engineering and Technology},
title = {{A hybrid deep and machine learning model for short-term traffic volume forecasting of adjacent intersections}},
url = {https://onlinelibrary.wiley.com/doi/full/10.1049/itr2.12224 https://onlinelibrary.wiley.com/doi/abs/10.1049/itr2.12224 https://ietresearch.onlinelibrary.wiley.com/doi/10.1049/itr2.12224},
volume = {16},
year = {2022}
}
@article{Montgomery2008,
author = {Montgomery, Douglas C. and Woodall, William H.},
doi = {10.1111/j.1751-5823.2008.00061.x},
file = {:C\:/Library/27919650.pdf:pdf},
issn = {03067734},
journal = {International Statistical Review},
keywords = {Designed experimentation,Measurement systems analysis,Process capability,Quality control,Variability reduction},
mendeley-groups = {Urban Simulators/pruning cities 02},
month = {dec},
number = {3},
pages = {329--346},
title = {{An Overview of Six Sigma}},
url = {https://onlinelibrary.wiley.com/doi/10.1111/j.1751-5823.2008.00061.x},
volume = {76},
year = {2008}
}
@article{Mueller2015,
author = {Mueller, Natalie and Rojas-Rueda, David and Cole-Hunter, Tom and de Nazelle, Audrey and Dons, Evi and Gerike, Regine and G{\"{o}}tschi, Thomas and {Int Panis}, Luc and Kahlmeier, Sonja and Nieuwenhuijsen, Mark},
doi = {10.1016/j.ypmed.2015.04.010},
file = {:C\:/Library/Mueller et al. - 2015 - Health impact assessment of active transportation A systematic review.pdf:pdf},
issn = {00917435},
journal = {Preventive Medicine},
keywords = {Active transportation,Air pollution,Health impact assessment,Mode shift,Physical activity,Traffic incident},
mendeley-groups = {Urban Simulators/pruning cities 02},
month = {jul},
pages = {103--114},
pmid = {25900805},
publisher = {Academic Press},
title = {{Health impact assessment of active transportation: A systematic review}},
url = {https://linkinghub.elsevier.com/retrieve/pii/S0091743515001164},
volume = {76},
year = {2015}
}
@article{Mueller2020,
author = {Mueller, Natalie and Rojas-Rueda, David and Khreis, Haneen and Cirach, Marta and Andr{\'{e}}s, David and Ballester, Joan and Bartoll, Xavier and Daher, Carolyn and Deluca, Anna and Echave, Cynthia and Mil{\`{a}}, Carles and M{\'{a}}rquez, Sandra and Palou, Joan and P{\'{e}}rez, Katherine and Tonne, Cathryn and Stevenson, Mark and Rueda, Salvador and Nieuwenhuijsen, Mark},
doi = {10.1016/j.envint.2019.105132},
file = {:C\:/Library/Mueller et al. - 2020 - Changing the urban design of cities for health The superblock model.pdf:pdf},
issn = {18736750},
journal = {Environment International},
keywords = {Active transport,Health impact assessment,Public space,Sustainability,Transport planning,Urban planning},
mendeley-groups = {Urban Simulators,Urban Planning,Urban Simulators/paper BCN (pruning cities 01),Urban resilience,Urban Simulators/pruning cities 02},
month = {jan},
pages = {105132},
pmid = {31515043},
publisher = {Elsevier Ltd},
title = {{Changing the urban design of cities for health: The superblock model}},
volume = {134},
year = {2020}
}
@misc{Muldal2019,
author = {Muldal, Alistair and {V{\'{a}}zquez Baeza}, Yoshiki and Hagen, Alexander},
booktitle = {Github},
mendeley-groups = {Urban Simulators/pruning cities 02},
title = {{Implementation of Hartigan \& Hartigan's dip test, based on Martin Maechler's R package}},
url = {https://github.com/alimuldal/diptest},
urldate = {2022-07-30},
year = {2019}
}
@article{Murphy2022,
archivePrefix = {arXiv},
arxivId = {2206.04000},
author = {Murphy, Charles and Thibeault, Vincent and Allard, Antoine and Desrosiers, Patrick},
doi = {10.48550/arXiv.2206.04000},
eprint = {2206.04000},
file = {:C\:/Library/Duality_between_predictability_and_reconstructabil.pdf:pdf},
mendeley-groups = {Urban Simulators/pruning cities 02,Journal club COSS},
month = {jun},
number = {June},
title = {{Duality between predictability and reconstructability in complex systems}},
url = {http://arxiv.org/abs/2206.04000},
year = {2022}
}
@incollection{Nagel2000,
author = {Nagel, Kai and Esser, J{\"{o}}rg and Rickert, Marcus},
booktitle = {Annual Reviews of Computational Physics VII},
doi = {10.1142/9789812813329_0006},
file = {:C\:/Library/Stauffer et al. - 2000 - LARGE-SCALE TRAFFIC SIMULATIONS FOR TRANSPORTATION PLANNING.pdf:pdf},
mendeley-groups = {Urban Simulators/pruning cities 02},
month = {jan},
pages = {151--202},
publisher = {World Scientific Publishing Co. Pte. Ltd},
title = {{Large-scale traffic simulations for transportation planning}},
url = {www.worldscientific.com https://www.worldscientific.com/doi/abs/10.1142/9789812813329_0006},
year = {2000}
}
@article{Nagurney2000,
author = {Nagurney, Anna},
doi = {10.1016/S1361-9209(99)00031-0},
file = {:C\:/Library/Nagurney - 2000 - Congested urban transportation networks and emission paradoxes.pdf:pdf},
issn = {13619209},
journal = {Transportation Research Part D: Transport and Environment},
keywords = {Counterintuitive phenomena,Emissions,Paradoxes,Traffic network equilibrium},
mendeley-groups = {Urban Planning,Urban Simulators/pruning cities 02,Newspapers articles},
month = {mar},
number = {2},
pages = {145--151},
publisher = {Pergamon},
title = {{Congested urban transportation networks and emission paradoxes}},
url = {https://linkinghub.elsevier.com/retrieve/pii/S1361920999000310},
volume = {5},
year = {2000}
}
@article{Nello-Deakin2022,
author = {Nello-Deakin, Samuel},
doi = {10.1016/J.CSTP.2022.11.003},
file = {:C\:/Library/Nello-Deakin - 2022 - Exploring traffic evaporation Findings from tactical urbanism interventions in Barcelona.pdf:pdf},
issn = {2213-624X},
journal = {Case Studies on Transport Policy},
keywords = {Disappearing traffic,Road space,Superblocks,Tactical urbanism,Traffic counts,Traffic evaporation},
mendeley-groups = {Urban Planning,Data Analytics for Urban Design,Urban Simulators,Urban Simulators/pruning cities 02},
month = {dec},
number = {4},
pages = {2430--2442},
publisher = {Elsevier},
title = {{Exploring traffic evaporation: Findings from tactical urbanism interventions in Barcelona}},
volume = {10},
year = {2022}
}
@misc{Nicholas2022,
author = {Nicholas, Kimberly},
booktitle = {The Conversation},
mendeley-groups = {Urban Planning,Policy,Urban Simulators/pruning cities 02},
title = {12 best ways to get cars out of cities – ranked by new research},
url = {https://theconversation.com/12-best-ways-to-get-cars-out-of-cities-ranked-by-new-research-180642},
urldate = {2022-06-06},
year = {2022}
}
@article{Nieuwenhuijsen2016,
author = {Nieuwenhuijsen, Mark J. and Khreis, Haneen},
doi = {10.1016/j.envint.2016.05.032},
file = {:C\:/Library/Nieuwenhuijsen, Khreis - 2016 - Car free cities Pathway to healthy urban living.pdf:pdf},
issn = {01604120},
journal = {Environment International},
mendeley-groups = {Urban Simulators/pruning cities 02},
month = {sep},
pages = {251--262},
pmid = {27276440},
publisher = {Pergamon},
title = {{Car free cities: Pathway to healthy urban living}},
url = {http://linkinghub.elsevier.com/retrieve/pii/S0160412016302161},
volume = {94},
year = {2016}
}

@book{Norton2008,
address = {Cambridge, MA},
author = {Norton, Peter D.},
isbn = {978-0-262-14100-0},
mendeley-groups = {Urban Simulators/adaptive streets,Democracy by Design},
publisher = {MIT Press},
title = {{Fighting Traffic: The Dawn of the Motor Age in the American City}},
year = {2008}
}


@techreport{OCCC2012,
author = {OCCC},
booktitle = {Oficina Catalana del Canvi Clim{\`{a}}tic (OCCC)},
file = {:C\:/Library/Unknown - Unknown - Guia pr{\`{a}}ctica per al c{\`{a}}lcul d'emissions de gasos amb efecte d'hivernacle (GEH) 0 GUIA PR{\`{A}}CTICA PER AL C{\`{A}}LCUL D'EMISS.pdf:pdf},
mendeley-groups = {Urban Planning,Urban Simulators/pruning cities 02},
pages = {72},
title = {{Guia pr{\`{a}}ctica per al c{\`{a}}lcul d'emissions de gasos amb efecte d'hivernacle (GEH)}},
year = {2012}
}
@article{Pan2016,
author = {Pan, Yunhe},
doi = {10.1016/J.ENG.2016.04.018},
file = {:C\:/Library/Pan - 2016 - Heading toward Artificial Intelligence 2.0.pdf:pdf},
issn = {20958099},
journal = {Engineering},
keywords = {Artificial intelligence 2.0,Autonomous-intelligent system,Big data,Cross-media,Crowd intelligence,Human-machine hybrid-augmented intelligence},
mendeley-groups = {Urban Simulators/pruning cities 02,Digital Democracy-COSS,Democracy by Design},
month = {dec},
number = {4},
pages = {409--413},
publisher = {Elsevier},
title = {{Heading toward Artificial Intelligence 2.0}},
volume = {2},
year = {2016}
}

@book{Pateman1970,
author = {Pateman, Carole},
doi = {10.1017/CBO9780511720444},
file = {:C\:/Library/Participation_and_Democratic_Theory.pdf:pdf;:C\:/Library/pateman_1970.pdf:pdf},
isbn = {9780521290043},
mendeley-groups = {Urban resilience,Urban Simulators/pruning cities 02},
month = {oct},
publisher = {Cambridge University Press},
title = {{Participation and Democratic Theory}},
url = {https://www.cambridge.org/core/product/identifier/9780511720444/type/book},
year = {1970}
}

@misc{Polo2021,
address = {Barcelona},
author = {Polo, Jose},
booktitle = {La Vanguardia},
file = {:C\:/Library/El {\'{a}}rea metropolitana cuadruplica en contaminaci{\'{o}}n a Barcelona.pdf:pdf},
mendeley-groups = {Urban Planning,Urban Simulators/pruning cities 02,Newspapers articles},
title = {{El {\'{a}}rea metropolitana cuadruplica en contaminaci{\'{o}}n a Barcelona}},
url = {https://www.lavanguardia.com/local/barcelona/20210405/6627365/area-metropolitana-cuadruplica-contaminacion-barcelona.html},
year = {2021}
}
@misc{Prego2022,
author = {Prego, Carlos},
booktitle = {Xataka},
mendeley-groups = {Urban Simulators/pruning cities 02,Digital Twins},
title = {{'Cities: Skylines' ha evitado que Polonia construya una carretera con fallos: c{\'{o}}mo los videojuegos nos est{\'{a}}n ayudando a mejorar nuestras ciudades}},
url = {https://www.xataka.com/videojuegos/cities-skylines-ha-evitado-que-polonia-construya-carretera-fallos-como-videojuegos-nos-estan-ayudando-a-mejorar-nuestras-ciudades},
urldate = {2022-05-17},
year = {2022}
}

@techreport{Priebe2019,
address = {Postdam, Germany},
author = {Priebe, Max and Szczepanska, Timo and Higi, Leonard and Schr{\"{o}}der, Tobias},
file = {:C\:/Library/Priebe et al. - 2019 - PaSyMo. Partizipative Systemmodellerung_translate_DEUtoENG.pdf:pdf;:C\:/Library/Priebe et al. - 2019 - PaSyMo. Partizipative Systemmodellerung.pdf:pdf},
institution = {Fachhochschule Postdam. University of Applied Sciences},
mendeley-groups = {Urban Simulators,Urban Simulators/pruning cities 02},
title = {{PaSyMo. Partizipative Systemmodellerung}},
url = {https://www.fh-potsdam.de/fileadmin/user_dateien/5_forschen/D_Bilder_Projekte/PaSyMo/pasymo_IaF_FHP_Projektbericht_komp.pdf},
year = {2019}
}

@book{Ratti2015,
author = {Ratti, Carlo and Claudel, Matthew},
file = {:C\:/Library/Ratti, Claudel - 2015 - Open Source Architecture.pdf:pdf},
isbn = {9780500343067},
mendeley-groups = {Data Analytics for Urban Design,Urban Simulators/pruning cities 02},
pages = {144},
publisher = {Thames \& Hudson},
title = {{Open Source Architecture}},
url = {https://static1.squarespace.com/static/54c2a5c7e4b043776a0b0036/t/598b5891e4fcb565bf98be70/1502304403391/RattiClaudel_Open+Source+Architecture.pdf},
year = {2015}
}


@misc{Requia2018,
author = {Requia, Weeberb J. and Mohamed, Moataz and Higgins, Christopher D. and Arain, Altaf and Ferguson, Mark},
booktitle = {Atmospheric Environment},
doi = {10.1016/j.atmosenv.2018.04.040},
file = {:C\:/Library/Requia et al. - 2018 - How clean are electric vehicles Evidence-based review of the effects of electric mobility on air pollutants, gree.pdf:pdf},
issn = {18732844},
keywords = {Electric mobility air pollution,Electric vehicles,Greenhouse gas emissions,Health,Human exposure,Review article},
mendeley-groups = {Policy,Urban Simulators/pruning cities 02},
month = {jul},
pages = {64--77},
publisher = {Pergamon},
title = {{How clean are electric vehicles? Evidence-based review of the effects of electric mobility on air pollutants, greenhouse gas emissions and human health}},
volume = {185},
year = {2018}
}
@techreport{Rexeis2014,
address = {Berlin-Adlershof},
author = {Rexeis, Martin and Dippold, Martin and Luz, Raphael and Hausberger, Stefan and Haberl, Michael and Krajzewicz, Daniel and Wagner, Peter and W{\"{o}}lki, Marko and Blokpoel, Robbin and St{\"{u}}tzle, Thomas and Dubois-Lacoste, J{\'{e}}r{\'{e}}mie},
file = {:C\:/Library/Unknown - 2014 - Cooperative Self-Organizing System for low Carbon Mobility at low Penetration Rates Document Information Title Delivera.pdf:pdf},
institution = {DLR - Institute of Transportation Systems},
keywords = {C2I,C2X,Green Light Optimized Speed Advice,V2I,cooperative telematics,traffic light control,vehicle to infrastructure},
mendeley-groups = {Urban Simulators/pruning cities 02},
pages = {55},
title = {{COLOMBO Deliverable 4.3: Pollutant Emission Models and Optimisation Title}},
url = {https://elib.dlr.de/95550/},
year = {2014}
}
@article{Ribeiro2019,
author = {Ribeiro, Paulo J G and Ara{\'{u}}jo, Carlos M C and Gon{\c{c}}alves, Lu{\'{i}}s A P J and Dias, Gabriel J C and Cunto, Fl{\'{a}}vio J C},
file = {:C\:/Library/Ribeiro et al. - 2019 - Micro-simulation of the impact of different speeds on safety road travel and urban travel time case study in the.pdf:pdf},
issn = {1790-5079},
keywords = {Road safety,Traffic conflict,Traffic flow,Traffic simulation},
mendeley-groups = {Urban Simulators/paper BCN (pruning cities 01),Urban Simulators/pruning cities 02,Urban resilience,Urban Simulators/adaptive streets},
publisher = {WSEAS Press},
title = {{Micro-simulation of the impact of different speeds on safety road travel and urban travel time: case study in the city of Guimar{\~{a}}es}},
url = {http://repositorium.sdum.uminho.pt/handle/1822/62761 http://repositorium.sdum.uminho.pt/},
year = {2019}
}
@article{Rico2019,
author = {Rico, Anna and Mart{\'{i}}nez-Blanco, Julia and Montlle{\'{o}}, Marc and Rodr{\'{i}}guez, Gustavo and Tavares, Nuno and Arias, Albert and Oliver-Sol{\`{a}}, Jordi},
doi = {10.1016/J.TOURMAN.2018.09.012},
file = {:C\:/Library/Rico et al. - 2019 - Carbon footprint of tourism in Barcelona.pdf:pdf},
issn = {02615177},
journal = {Tourism Management},
keywords = {Air transport,Carbon dioxide emissions,City level,Energy,Greenhouse gas,Sustainable tourism},
mendeley-groups = {Urban Planning,Urban Simulators/pruning cities 02},
month = {feb},
pages = {491--504},
publisher = {Elsevier Ltd},
title = {{Carbon footprint of tourism in Barcelona}},
volume = {70},
year = {2019}
}
@incollection{Rizzi2009,
author = {Rizzi, Stefano},
booktitle = {Encyclopedia of Database Systems},
doi = {10.1007/978-0-387-39940-9_466},
file = {:C\:/Library/Rizzi - 2009 - What-If Analysis.pdf:pdf},
mendeley-groups = {Urban Simulators/pruning cities 02},
pages = {3525--3529},
publisher = {Springer, Boston, MA},
title = {{What-If Analysis}},
url = {https://link.springer.com/referenceworkentry/10.1007/978-0-387-39940-9_466},
year = {2009}
}
@article{Rodriguez-Rey2022,
author = {Rodriguez-Rey, Daniel and Guevara, Marc and Linares, M{\textordfeminine} Paz and Casanovas, Josep and Armengol, Jan M. and Benavides, Jaime and Soret, Albert and Jorba, Oriol and Tena, Carles and Garc{\'{i}}a-Pando, Carlos P{\'{e}}rez},
doi = {10.1016/j.scitotenv.2021.150743},
file = {:C\:/Library/Rodriguez-Rey et al. - 2022 - To what extent the traffic restriction policies applied in Barcelona city can improve its air quality.pdf:pdf;:C\:/Library/1-s2.0-S0048969721058216-mmc1.pdf:pdf},
issn = {00489697},
journal = {Science of The Total Environment},
keywords = {Barcelona,Multi-scale air quality modelling,Traffic management strategies,Traffic simulation,Vehicle emissions},
mendeley-groups = {Newspapers articles,Urban Simulators/pruning cities 02,Urban Simulators/Teleworking},
month = {feb},
pages = {150743},
pmid = {34634347},
publisher = {Elsevier},
title = {{To what extent the traffic restriction policies applied in Barcelona city can improve its air quality?}},
url = {https://linkinghub.elsevier.com/retrieve/pii/S0048969721058216},
volume = {807},
year = {2022}
}
@article{Roosta2021,
author = {Roosta, Maryam and Javadpoor, Masoud and Ebadi, Maryam},
doi = {10.1080/12265934.2021.1911676},
file = {:C\:/Library/Roosta, Javadpoor, Ebadi - 2021 - A study on street network resilience in urban areas by urban network analysis comparative study of old.pdf:pdf},
issn = {21616779},
journal = {https://doi.org/10.1080/12265934.2021.1911676},
keywords = {Network Analysis,UNA Framework,Urban Form,Urban Resilience,VIKOR},
mendeley-groups = {Urban Simulators/paper BCN (pruning cities 01),Urban Simulators/pruning cities 02,Urban resilience,Urban Simulators/adaptive streets},
publisher = {Routledge},
title = {{A study on street network resilience in urban areas by urban network analysis: comparative study of old, new and middle fabrics in shiraz}},
url = {https://www.tandfonline.com/doi/abs/10.1080/12265934.2021.1911676},
year = {2021}
}
@misc{Ross2020,
author = {Ross, Edward},
booktitle = {skeptric},
mendeley-groups = {Urban Simulators/pruning cities 02},
title = {{Dip Statistic for Multimodality {\textperiodcentered}}},
url = {https://skeptric.com/dip-statistic/},
urldate = {2022-07-30},
year = {2020}
}
@article{Royall1986,
author = {Royall, Richard M},
doi = {10.1080/00031305.1986.10475424},
file = {:C\:/Library/Royall - 1986 - The Effect of Sample Size on the Meaning of Significance Tests.pdf:pdf},
issn = {0003-1305},
journal = {The American Statistician},
keywords = {Evidence,P value,Statistical significance},
mendeley-groups = {Urban Simulators/pruning cities 02},
month = {nov},
number = {4},
pages = {313--315},
title = {{The Effect of Sample Size on the Meaning of Significance Tests}},
url = {http://www.tandfonline.com/doi/abs/10.1080/00031305.1986.10475424},
volume = {40},
year = {1986}
}
@article{RuedaPalenzuela2022,
author = {{Rueda Palenzuela}, Salvador},
file = {:C\:/Library/Palenzuela - 2022 - El verd de Barcelona.pdf:pdf},
issn = {2013-7958},
journal = {Papers: Regi{\'{o}} Metropolitana de Barcelona: Territori, estrat{\`{e}}gies, planejament},
keywords = {biodiversitat,corredors verds,superilles,urbanisme ecosist{\`{e}}mic,verd urb{\`{a}}},
mendeley-groups = {Urban Planning,Urban Simulators/pruning cities 02},
month = {jul},
number = {64},
pages = {14--30},
title = {{El verd de Barcelona}},
url = {https://raco.cat/index.php/PapersIERMB/article/view/402302},
year = {2022}
}
@article{Rueda2017,
author = {Rueda, Salvador},
file = {:C\:/Library/Unknown - Unknown - SALVADOR RUEDA PALENZUELA Ag{\`{e}}ncia d'Ecologia Urbana de Barcelona.pdf:pdf},
issn = {2013-7958},
journal = {Papers: Regi{\'{o}} Metropolitana de Barcelona: Territori, estrat{\`{e}}gies, planejament},
mendeley-groups = {Policy,Urban Simulators/pruning cities 02,Urban Planning},
number = {59},
pages = {78--93},
title = {{Les superilles per al disseny de noves ciutats i la renovaci{\'{o}} de les existents. El cas de Barcelona}},
year = {2017}
}

@incollection{Rueda2018,
author = {Rueda, Salvador},
booktitle = {Integrating Human Health into Urban and Transport Planning: A Framework},
doi = {10.1007/978-3-319-74983-9_8},
editor = {Nieuwenhuijsen, M. and Khreis, H.},
file = {:C\:/Library/Rueda - 2018 - Superblocks for the design of new cities and renovation of existing ones Barcelona's case.pdf:pdf},
isbn = {9783319749839},
mendeley-groups = {Urban Planning,Policy,Urban Simulators/pruning cities 02},
month = {jul},
pages = {135--153},
publisher = {Springer International Publishing},
title = {{Superblocks for the design of new cities and renovation of existing ones: Barcelona's case}},
url = {https://doi.org/10.1007/978-3-319-74983-9_8},
year = {2018}
}

@misc{Sacristan2023,
address = {Barcelona},
annote = {Alternative plans by the new city council in Barcelona},
author = {Sacrist{\'{a}}n, Claudia},
booktitle = {El Confidencial},
file = {:C\:/Library/El urbanismo de Collboni descarta las supermanzanas, pero 'roba' otros proyectos a Colau_best.pdf:pdf;:C\:/Library/El urbanismo de Collboni descarta las supermanzanas, pero 'roba' otros proyectos a Colau.pdf:pdf},
mendeley-groups = {Urban Simulators/pruning cities 02,Urban Planning,Policy,Newspapers articles},
month = {jul},
title = {{El urbanismo de Collboni: descarta las supermanzanas, pero 'roba' otros proyectos a Colau}},
url = {https://www.elconfidencial.com/espana/cataluna/2023-07-23/urbanismo-collboni-supermanzanas-colau_3704674/},
year = {2023}
}
@article{Schnitzler2022,
annote = {Estimating position of users by delay on double check in messaging apps.

https://andro4all.com/whatsapp/descubren-como-averiguar-la-ubicacion-de-alguien-en-whatsapp-con-un-74-de-precision},
archivePrefix = {arXiv},
arxivId = {2210.10523},
author = {Schnitzler, Theodor and Kohls, Katharina and Bitsikas, Evangelos and P{\"{o}}pper, Christina},
doi = {10.14722/ndss.2023.23188},
eprint = {2210.10523},
file = {:C\:/Library/Schnitzler et al. - Unknown - Hope of Delivery Extracting User Locations From Mobile Instant Messengers.pdf:pdf},
mendeley-groups = {Urban Simulators/pruning cities 02,Digital Democracy-COSS},
title = {{Hope of Delivery: Extracting User Locations From Mobile Instant Messengers}},
url = {https://dx.doi.org/10.14722/ndss.2023.23188 http://arxiv.org/abs/2210.10523%0Ahttp://dx.doi.org/10.14722/ndss.2023.23188},
year = {2022}
}
@misc{Sendeco2,
author = {Sendeco2},
mendeley-groups = {Policy,Urban Simulators/pruning cities 02},
title = {{Precios CO2}},
url = {https://www.sendeco2.com/es/precios-co2},
urldate = {2022-10-31}
}
@article{Sevtsuk2021,
author = {Sevtsuk, Andres},
doi = {10.1080/01944363.2020.1864758},
file = {:C\:/Library/Sevtsuk - 2021 - Estimating Pedestrian Flows on Street Networks Revisiting the Betweenness Index.pdf:pdf},
issn = {01944363},
journal = {Journal of the American Planning Association},
keywords = {betweenness,pedestrian mobility,route assignment,trip distribution,trip generation},
mendeley-groups = {Simulations and Crowds,Urban Simulators/pruning cities 02},
number = {4},
pages = {512--526},
publisher = {Routledge},
title = {{Estimating Pedestrian Flows on Street Networks: Revisiting the Betweenness Index}},
volume = {87},
year = {2021}
}
@article{Shapiro1965,
author = {Shapiro, S S and Wilk, M B},
doi = {10.2307/2333709},
file = {:C\:/Library/Shapiro, Wilk - 1965 - An Analysis of Variance Test for Normality (Complete Samples).pdf:pdf},
issn = {00063444},
journal = {Biometrika},
mendeley-groups = {Urban Simulators/pruning cities 02},
month = {dec},
number = {3/4},
pages = {591},
title = {{An Analysis of Variance Test for Normality (Complete Samples)}},
url = {https://www.jstor.org/stable/2333709 https://www.jstor.org/stable/2333709?origin=crossref},
volume = {52},
year = {1965}
}
@article{Sheffi1978,
author = {Sheffi, Yosef and Daganzo, Carlos F.},
doi = {10.1016/0041-1647(78)90106-5},
file = {:C\:/Library/Sheffi, Daganzo - 1978 - Another “paradox” of traffic flow.pdf:pdf},
issn = {00411647},
journal = {Transportation Research},
mendeley-groups = {Urban Simulators/pruning cities 02},
month = {feb},
number = {1},
pages = {43--46},
publisher = {Pergamon},
title = {{Another "paradox" of traffic flow}},
volume = {12},
year = {1978}
}
@inproceedings{Siffer2018,
address = {New York, NY, USA},
annote = {Bimodality and multimodality tests.
Dip test basic formulation.},
author = {Siffer, Alban and Fouque, Pierre-Alain and Termier, Alexandre and Largou{\"{e}}t, Christine},
booktitle = {Proceedings of the 24th ACM SIGKDD International Conference on Knowledge Discovery \& Data Mining},
doi = {10.1145/3219819.3219994},
file = {:C\:/Library/Siffer et al. - 2018 - Are your data gath-ered.pdf:pdf},
isbn = {9781450355520},
keywords = {Multivariate statistics,Unimodality test},
mendeley-groups = {Urban Simulators/pruning cities 02},
month = {jul},
pages = {2210--2218},
publisher = {ACM},
title = {{Are your data gathered? The Folding Test of Unimodality}},
url = {https://hal.archives-ouvertes.fr/hal-01951676 https://dl.acm.org/doi/10.1145/3219819.3219994},
year = {2018}
}
@article{Sil2019,
author = {Sil, Amrita and Betkerur, Jayadev and Das, NilayKanti},
doi = {10.4103/idoj.IDOJ_368_19},
file = {:C\:/Library/Sil, Betkerur, Das - 2019 - P-Value Demystified.pdf:pdf},
issn = {2229-5178},
journal = {Indian Dermatology Online Journal},
mendeley-groups = {Urban Simulators/pruning cities 02},
number = {6},
pages = {745},
pmid = {32195200},
publisher = {Wolters Kluwer -- Medknow Publications},
title = {{P-Value demystified}},
url = {/pmc/articles/PMC6859766/ /pmc/articles/PMC6859766/?report=abstract https://www.ncbi.nlm.nih.gov/pmc/articles/PMC6859766/ https://journals.lww.com/10.4103/idoj.IDOJ_368_19},
volume = {10},
year = {2019}
}
@article{Smith1993,
author = {Smith, Bill},
doi = {10.1109/6.275174},
file = {:C\:/Library/Smith - 1993 - Making war on defects Six-sigma design.pdf:pdf},
issn = {0018-9235},
journal = {IEEE Spectrum},
mendeley-groups = {Urban Simulators/pruning cities 02},
month = {sep},
number = {9},
pages = {43--47},
title = {{Six-sigma design (quality control)}},
url = {http://ieeexplore.ieee.org/document/275174/},
volume = {30},
year = {1993}
}
@article{Soria-Lara2017,
author = {Soria-Lara, Julio A and Miralles-Guasch, Carme and Marquet, Oriol},
doi = {10.5821/ace.12.34.4756},
file = {:C\:/Library/Soria-Lara, Miralles-Guasch, Marquet - 2017 - ACE 34 THE INFLUENCE OF LIFESTYLE AND BUILT ENVIRONMENT FACTORS ON TRANSPORT CO 2 EMISSION.pdf:pdf},
issn = {1886-4805},
keywords = {Climate Change,Miralles-Guasch, Carme 2 Marquet, Oriol 3 Key words: Survey,greenhouse emissions,sustainability},
mendeley-groups = {Urban Planning,Urban Simulators/pruning cities 02},
number = {34},
pages = {11--28},
title = {{ACE 34 THE INFLUENCE OF LIFESTYLE AND BUILT ENVIRONMENT FACTORS ON TRANSPORT CO 2 EMISSIONS: THE CASE STUDY OF AUTONOMOUS UNIVERSITY OF BARCELONA THE INFLUENCE OF LIFESTYLE AND BUILT ENVIRONMENT FACTORS ON TRANSPORT CO 2 EMISSIONS: THE CASE STUDY OF AUTONOMOUS UNIVERSITY OF BARCELONA}},
volume = {12},
year = {2017}
}
@article{Speer2001,
author = {Speer, Paul W. and Jackson, Courtney B. and Peterson, N. Andrew},
doi = {10.1177/109019810102800605},
file = {:C\:/Library/speer2001.pdf:pdf},
issn = {1090-1981},
journal = {Health Education \& Behavior},
mendeley-groups = {Digital Democracy-COSS,Urban Planning,Urban Simulators/pruning cities 02,Urban Simulators/adaptive streets,Democracy by Design},
month = {dec},
number = {6},
pages = {716--732},
pmid = {11720274},
publisher = {Sage PublicationsSage CA: Thousand Oaks, CA},
title = {{The Relationship between Social Cohesion and Empowerment: Support and New Implications for Theory}},
url = {https://journals.sagepub.com/doi/abs/10.1177/109019810102800605 http://journals.sagepub.com/doi/10.1177/109019810102800605},
volume = {28},
year = {2001}
}
@article{Sullivan2012,
author = {Sullivan, Gail M. and Feinn, Richard},
doi = {10.4300/JGME-D-12-00156.1},
file = {:C\:/Library/Sullivan, Feinn - 2012 - Using Effect Size—or Why the P Value Is Not Enough.pdf:pdf},
issn = {1949-8357},
journal = {Journal of Graduate Medical Education},
mendeley-groups = {Urban Simulators/pruning cities 02},
month = {sep},
number = {3},
pages = {279--282},
pmid = {23997866},
publisher = {Allen Press},
title = {{Using Effect Size—or Why the P Value Is Not Enough}},
url = {https://meridian.allenpress.com/jgme/article/4/3/279/200435/Using-Effect-Size-or-Why-the-P-Value-Is-Not-Enough},
volume = {4},
year = {2012}
}
@misc{Sune2022,
address = {Barcelona},
author = {Su{\~{n}}{\'{e}}, Ramon},
booktitle = {La Vanguardia},
file = {:C\:/Library/El 'padre' de la supermanzana cuestiona por ineficiente el plan del Ayuntamiento de Barcelona.pdf:pdf},
mendeley-groups = {Urban Planning,Urban Simulators/pruning cities 02,Newspapers articles},
month = {apr},
title = {{El 'padre' de la supermanzana cuestiona por ineficiente el plan del Ayuntamiento de Barcelona}},
url = {https://www.lavanguardia.com/local/barcelona/20220429/8233036/padre-supermanzana-cuestiona-ineficiente-plan-ayuntamiento-barcelona.html},
year = {2022}
}
@article{Uttley2019,
author = {Uttley, J},
doi = {10.1080/15502724.2018.1533851},
file = {:C\:/Library/Uttley - 2019 - Power Analysis, Sample Size, and Assessment of Statistical Assumptions-Improving the Evidential Value of Lighting Resear.pdf:pdf},
issn = {1550-2724},
journal = {LEUKOS},
keywords = {Effect size,II errors,power analysis,sample size,statistical test,type I},
mendeley-groups = {Urban Simulators/pruning cities 02},
month = {jul},
number = {2-3},
pages = {143--162},
title = {{Power Analysis, Sample Size, and Assessment of Statistical Assumptions—Improving the Evidential Value of Lighting Research}},
url = {https://www.tandfonline.com/action/journalInformation?journalCode=ulks20 https://www.tandfonline.com/doi/full/10.1080/15502724.2018.1533851},
volume = {15},
year = {2019}
}
@article{Vardoulakis2003,
author = {Vardoulakis, Sotiris and Fisher, Bernard E.A. and Pericleous, Koulis and Gonzalez-Flesca, Norbert},
doi = {10.1016/S1352-2310(02)00857-9},
file = {:C\:/Library/Vardoulakis et al. - 2003 - Modelling air quality in street canyons a review.pdf:pdf},
issn = {13522310},
journal = {Atmospheric Environment},
keywords = {Air pollution,Small-scale dispersion models,Traffic emissions,Urban canyon},
mendeley-groups = {Urban Simulators/pruning cities 02},
month = {jan},
number = {2},
pages = {155--182},
publisher = {Pergamon},
title = {{Modelling air quality in street canyons: a review}},
url = {https://linkinghub.elsevier.com/retrieve/pii/S1352231002008579},
volume = {37},
year = {2003}
}
@article{Vasiliauskaite2021,
archivePrefix = {arXiv},
arxivId = {2108.02475},
author = {Vasiliauskaite, Vaiva and Evans, Tim S and Expert, Paul},
eprint = {2108.02475},
file = {:C\:/Library/Vasiliauskaite, Evans - Unknown - CYCLE ANALYSIS OF DIRECTED ACYCLIC GRAPHS A PREPRINT.pdf:pdf},
isbn = {2108.02475v1},
keywords = {Acyclic,Bases {\textperiodcentered},Complex,Cycle,Data,Directed,Graphs {\textperiodcentered},Minimal,Network,Reduction,Science {\textperiodcentered},Statistics {\textperiodcentered},Systems {\textperiodcentered},Theory {\textperiodcentered},Transitive},
mendeley-groups = {Urban Simulators/pruning cities 02},
title = {{Cycle Analysis of Directed Acyclic Graphs}},
url = {http://arxiv.org/abs/2108.02475},
year = {2021}
}

@inproceedings{Vinitsky2018,
address = {Zurich, Switzerland},
author = {Vinitsky, Eugene and Kreidieh, Aboudy and {Le Flem}, Luc and Kheterpal, Nishant and Jang, Kathy and Wu, Cathy and Wu, Fangyu and Liaw, Richard and Liang, Eric and Bayen, Alexandre M},
booktitle = {2nd Conference on Robot Learning (CoRL 2018)},
file = {:C\:/Library/vinitsky18a.pdf:pdf},
mendeley-groups = {Urban Simulators/adaptive streets,Democracy by Design,Urban Simulators/pruning cities 02},
number = {CoRL},
title = {{Benchmarks for reinforcement learning in mixed-autonomy traffic}},
url = {https://github.com/flow-project/flow. http://proceedings.mlr.press/v87/vinitsky18a.html},
year = {2018}
}


@article{Wang2017,
author = {Wang, Yi and Szeto, W.Y.},
doi = {10.1080/23249935.2016.1245800},
file = {:C\:/Library/Wang, Szeto - 2017 - Excessive noise paradoxes in urban transportation networks.pdf:pdf},
issn = {2324-9935},
journal = {Transportmetrica A: Transport Science},
keywords = {Braess' paradox,emission paradox,excessive noise paradox,speed limit},
mendeley-groups = {Urban Planning,Urban Simulators/pruning cities 02,Newspapers articles},
month = {mar},
number = {3},
pages = {195--221},
publisher = {Taylor and Francis Ltd.},
title = {{Excessive noise paradoxes in urban transportation networks}},
url = {https://www.tandfonline.com/doi/full/10.1080/23249935.2016.1245800},
volume = {13},
year = {2017}
}
@book{Washburn2013,
address = {Washington D.C.},
author = {Washburn, Alexandros},
file = {:C\:/Library/The_Nature_of_Urban_Design_A_New_York_Perspective_on_Resilience.pdf:pdf},
isbn = {9781610913805},
mendeley-groups = {Urban Simulators/pruning cities 02},
pages = {1--238},
publisher = {Island Press},
title = {{The Nature of Urban Design}},
year = {2013}
}
@article{Wasserstein2016,
author = {Wasserstein, Ronald L. and Lazar, Nicole A.},
doi = {10.1080/00031305.2016.1154108},
file = {:C\:/Library/Wasserstein, Lazar - 2016 - The ASA's Statement on p-Values Context, Process, and Purpose.pdf:pdf},
issn = {0003-1305},
journal = {The American Statistician},
mendeley-groups = {Urban Simulators/pruning cities 02},
month = {apr},
number = {2},
pages = {129--133},
publisher = {American Statistical Association},
title = {{The ASA Statement on p -Values: Context, Process, and Purpose}},
url = {https://www.tandfonline.com/doi/abs/10.1080/00031305.2016.1154108 https://www.tandfonline.com/doi/full/10.1080/00031305.2016.1154108},
volume = {70},
year = {2016}
}
@article{Welch1947,
author = {Welch, B. L.},
doi = {10.1093/biomet/34.1-2.28},
file = {:C\:/Library/WELCH - 1947 - THE GENERALIZATION OF ‘STUDENT'S' PROBLEM WHEN SEVERAL DIFFERENT POPULATION VARLANCES ARE INVOLVED.pdf:pdf},
issn = {00063444},
journal = {Biometrika},
mendeley-groups = {Urban Simulators/pruning cities 02},
month = {jan},
number = {1-2},
pages = {28--35},
pmid = {20287819},
publisher = {Oxford Academic},
title = {{The generalisation of student's problems when several different population variances are involved.}},
url = {https://academic.oup.com/biomet/article/34/1-2/28/210174 https://academic.oup.com/biomet/article-lookup/doi/10.1093/biomet/34.1-2.28},
volume = {34},
year = {1947}
}
@article{Wilcoxon1945,
author = {Wilcoxon, Frank},
doi = {10.2307/3001968},
file = {:C\:/Library/Wilcoxon - 1945 - Individual Comparisons by Ranking Methods.pdf:pdf},
issn = {00994987},
journal = {Biometrics Bulletin},
mendeley-groups = {Urban Simulators/pruning cities 02},
number = {6},
pages = {80},
title = {{Individual Comparisons by Ranking Methods}},
url = {http://www.jstor.org/about/terms.html.},
volume = {1},
year = {1945}
}
@misc{Wolfram2022,
author = {Wolfram, J{\"{u}}rgen},
booktitle = {S{\"{u}}ddeutsche Zeitung},
file = {:C\:/Library/M{\"{u}}nchen_ W{\"{u}}nsche f{\"{u}}r die Gestaltung des Dorfkerns von Forstenried.pdf:pdf;:C\:/Library/Munich_ Wishes for the design of the village center of Forstenried - Munich - SZ.de.pdf:pdf},
mendeley-groups = {Urban Simulators/pruning cities 02,Urban Simulators/adaptive streets,Policy},
month = {sep},
title = {{Should Forstenrieder Allee become a shared space?}},
url = {https://www.sueddeutsche.de/muenchen/muenchen-forstenried-dorfkern-bezirksausschuss-shared-space-1.5663998},
year = {2022}
}
@article{Woodcock2007,
author = {Woodcock, James and Banister, David and Edwards, Phil and Prentice, Andrew M. and Roberts, Ian},
doi = {10.1016/S0140-6736(07)61254-9},
file = {:C\:/Library/Woodcock et al. - 2007 - Energy and transport.pdf:pdf},
issn = {01406736},
journal = {The Lancet},
mendeley-groups = {Urban Simulators/pruning cities 02},
month = {sep},
number = {9592},
pages = {1078--1088},
pmid = {17868817},
publisher = {Elsevier},
title = {{Energy and transport}},
url = {https://linkinghub.elsevier.com/retrieve/pii/S0140673607612549},
volume = {370},
year = {2007}
}
@article{Woodcock2011,
author = {Woodcock, James and Franco, Oscar H. and Orsini, Nicola and Roberts, Ian},
doi = {10.1093/ije/dyq104},
file = {:C\:/Library/Woodcock et al. - 2011 - Non-vigorous physical activity and all-cause mortality systematic review and meta-analysis of cohort studies.pdf:pdf},
issn = {0300-5771},
journal = {International Journal of Epidemiology},
keywords = {Cohort study,Dose-response,Exercise,Meta-analysis,Mortality,Physical activity,Systematic review,Walking},
mendeley-groups = {Policy,Urban Simulators/pruning cities 02,Urban Planning},
month = {feb},
number = {1},
pages = {121--138},
pmid = {20630992},
publisher = {Int J Epidemiol},
title = {{Non-vigorous physical activity and all-cause mortality: systematic review and meta-analysis of cohort studies}},
url = {https://pubmed.ncbi.nlm.nih.gov/20630992/ https://academic.oup.com/ije/article-lookup/doi/10.1093/ije/dyq104},
volume = {40},
year = {2011}
}
@article{Xu2022,
author = {Xu, Haowen and Wang, Chieh and Berres, Anne and Laclair, Tim and Sanyal, Jibonananda},
doi = {10.1177/03611981211035760/ASSET/IMAGES/LARGE/10.1177_03611981211035760-FIG2.JPEG},
file = {:C\:/Library/Xu et al. - 2022 - Interactive Web Application for Traffic Simulation Data Management and Visualization.pdf:pdf},
issn = {21694052},
journal = {Transportation Research Record},
keywords = {Data and data science,Geographic information science,Geographic information systems,Geospatial data visualization,Information management and knowledge discovery,Information systems and technology,Information technology,Visualization in transportation},
mendeley-groups = {Urban Simulators/pruning cities 02,Urban Simulators},
month = {aug},
number = {1},
pages = {274--292},
publisher = {SAGE Publications Ltd},
title = {{Interactive Web Application for Traffic Simulation Data Management and Visualization}},
url = {https://journals.sagepub.com/doi/full/10.1177/03611981211035760},
volume = {2676},
year = {2022}
}
@article{Zargari2022,
author = {Zargari, Shahriar Afandizadeh and Khorshidi, Navid and Mirzahossein, Hamid and Shakoori, Samim and Jin, Xia},
doi = {10.1680/jtran.22.00065},
file = {:C\:/Library/Zargari et al. - 2022 - Travel Time Reliability Prediction by Genetic Algorithm and Machine Learning Models in Virginia.pdf:pdf},
issn = {17517710},
journal = {Proceedings of the Institution of Civil Engineers: Transport},
keywords = {Genetic Algorithm,Machine Learning,Overfitting,Planning Time Index,Sensitivity Analysis,Travel Time Reliability},
mendeley-groups = {Urban Simulators/pruning cities 02},
publisher = {ICE Publishing},
title = {{Travel Time Reliability Prediction by Genetic Algorithm and Machine Learning Models in Virginia}},
url = {https://doi.org/10.1680/jtran.22.00065},
year = {2022}
}

@article{Zhang2020cityblocksize,
author = {Zhang, Lingxuan and Menendez, Monica},
doi = {10.1061/(asce)up.1943-5444.0000580},
issn = {0733-9488},
journal = {Journal of Urban Planning and Development},
keywords = {Author keywords: Urban planning,Block size,Dynamic traffic assignment,Open blocks,Superblocks,Traffic performance},
mendeley-groups = {Urban Planning,Urban Simulators,Simulations and Crowds,Urban Simulators/paper BCN (pruning cities 01),Urban Simulators/pruning cities 02},
month = {sep},
number = {3},
pages = {04020021},
publisher = {American Society of Civil Engineers (ASCE)},
title = {{Modeling and Evaluating the Impact of City Block Size on Traffic Performance}},
url = {https://orcid.org/0000-0001-5701-0523.},
volume = {146},
year = {2020}
}


@article{Zhao2005,
author = {Zhao, Liang and Lai, Ying Cheng and Park, Kwangho and Ye, Nong},
doi = {10.1103/PhysRevE.71.026125},
file = {:C\:/Library/Zhao et al. - Unknown - Onset of traffic congestion in complex networks.pdf:pdf},
issn = {15393755},
journal = {Physical Review E - Statistical, Nonlinear, and Soft Matter Physics},
keywords = {0510a,8920Hh,numbers: 8975Hc},
mendeley-groups = {Urban Simulators/pruning cities 02},
number = {2},
title = {{Onset of traffic congestion in complex networks}},
volume = {71},
year = {2005}
}
@article{Zografos2020,
author = {Zografos, Christos and Klause, Kai A. and Connolly, James J.T. and Anguelovski, Isabelle},
doi = {10.1016/j.cities.2020.102613},
file = {:C\:/Library/Zografos et al. - 2020 - The everyday politics of urban transformational adaptation Struggles for authority and the Barcelona superblock.pdf:pdf},
issn = {02642751},
journal = {Cities},
keywords = {Authority,Climate change governance,Competitive urbanism,Mobility planning,Superblock,Transformational adaptation},
mendeley-groups = {Policy,Urban Planning,Urban Simulators/paper BCN (pruning cities 01),Urban Simulators/pruning cities 02},
month = {apr},
pages = {102613},
publisher = {Elsevier Ltd},
title = {{The everyday politics of urban transformational adaptation: Struggles for authority and the Barcelona superblock project}},
volume = {99},
year = {2020}
}


@article{Braess1969,
author = {Braess, Dietrich},
journal = {Unternehmensforschung},
mendeley-groups = {Urban Planning,Simulations and Crowds,Urban Simulators,Urban Simulators/paper BCN (pruning cities 01)},
number = {12},
pages = {258--268},
title = {{{\"{U}}ber ein Paradoxon aus der Verkehrsplanung}},
year = {1969}
}
