@article{Remy2014,
    title = {{Adaptive reuse of office buildings into housing: Opportunities and risks}},
    year = {2014},
    journal = {Building Research and Information},
    author = {Rem{\o}y, Hilde and Van Der Voordt, Theo},
    number = {3},
    month = {5},
    pages = {381--390},
    volume = {42},
    publisher = {Routledge},
    url = {https://www.tandfonline.com/doi/abs/10.1080/09613218.2014.865922},
    doi = {10.1080/09613218.2014.865922},
    issn = {14664321},
    keywords = {adaptation, conversion, entrepreneurial activity, housing market, obsolescence, office buildings, redundant buildings, reuse}
}

@misc{Bloomberg2021a,
    title = {{Banken streichen ihre B{\"{u}}rofl{\"{a}}chen zusammen}},
    year = {2021},
    booktitle = {Frankfurter Allgemeine Zeitung},
    author = {{Bloomberg}},
    month = {7},
    url = {https://www.faz.net/aktuell/finanzen/banken-streichen-ihre-bueroflaechen-zusammen-17433720.html?GEPC=s5},
    address = {Frankfurt, Germany}
}

@article{Batty2018,
    title = {{Digital twins}},
    year = {2018},
    journal = {Environment and Planning B: Urban Analytics and City Science},
    author = {Batty, Michael},
    number = {5},
    month = {9},
    pages = {817--820},
    volume = {45},
    publisher = {SAGE Publications Ltd},
    url = {http://journals.sagepub.com/doi/10.1177/2399808318796416},
    doi = {10.1177/2399808318796416},
    issn = {2399-8083}
}

@incollection{Helbing2023,
    title = {{Digital twins: potentials, ethical issues and limitations}},
    year = {2023},
    booktitle = {Handbook on the Politics and Governance of Big Data and Artificial Intelligence},
    author = {Helbing, Dirk and Argota S{\'{a}}nchez-Vaquerizo, Javier},
    month = {6},
    pages = {64--104},
    publisher = {Edward Elgar Publishing},
    url = {https://www.elgaronline.com/view/book/9781800887374/book-part-9781800887374-13.xml},
    isbn = {9781800887374},
    doi = {10.4337/9781800887374.00013},
    keywords = {Innovation and Technology, International Politics, International Relations, Internet and Technology Law, Law - Academic, Politics and Public Policy, Regulation and Governance, Science and Technology Studies, Sociology and Social Policy, Technology and ICT, Telecommunications Law}
}

@article{ArgotaSanchez-Vaquerizo2021,
    title = {{Getting Real: The Challenge of Building and Validating a Large-Scale Digital Twin of Barcelona’s Traffic with Empirical Data}},
    year = {2021},
    journal = {ISPRS International Journal of Geo-Information},
    author = {Argota S{\'{a}}nchez-Vaquerizo, Javier},
    number = {1},
    month = {12},
    pages = {24},
    volume = {11},
    publisher = {Multidisciplinary Digital Publishing Institute},
    url = {https://www.mdpi.com/2220-9964/11/1/24},
    doi = {10.3390/ijgi11010024},
    issn = {2220-9964},
    keywords = {Large-scale, Mobile phone data, Real data, SUMO, Smart cities, Traffic microsimulation, Urban digital twin, Validation}
}

@misc{Tagesschau,
    title = {{Homeoffice und Konjunkturflaute: B{\"{u}}ro-Neuvermietungen sinken deutlich |}},
    year = {2023},
    booktitle = {Tagesschau das Erste},
    author = {{ARD-aktuell / Tagesschau}},
    month = {7},
    url = {https://www.tagesschau.de/wirtschaft/konjunktur/homeoffice-corona-pandemie-bueros-schrumpfen-100.html}
}

@article{Handy2002,
    title = {{How the built environment affects physical activity}},
    year = {2002},
    journal = {American Journal of Preventive Medicine},
    author = {Handy, Susan L. and Boarnet, Marlon G. and Ewing, Reid and Killingsworth, Richard E.},
    number = {2},
    month = {8},
    pages = {64--73},
    volume = {23},
    publisher = {Elsevier},
    url = {https://linkinghub.elsevier.com/retrieve/pii/S0749379702004750},
    doi = {10.1016/S0749-3797(02)00475-0},
    issn = {07493797},
    pmid = {12133739},
    keywords = {Choice behavior, Environment design, Human activities, Leisure activities, Physical fitness, Suburban health, Urbanization}
}

@article{Dissanayake2008,
    title = {{Impact assessment of satellite centre-based telecommuting on travel and air quality in developing countries by exploring the link between travel behaviour and urban form}},
    year = {2008},
    journal = {Transportation Research Part A: Policy and Practice},
    author = {Dissanayake, Dilum and Morikawa, Takayuki},
    number = {6},
    month = {7},
    pages = {883--894},
    volume = {42},
    publisher = {Pergamon},
    doi = {10.1016/j.tra.2007.12.006},
    issn = {09658564},
    keywords = {Developing countries, Integrated transport and land use policies, Satellite centres, Telecommuting, Travel behaviour, Urban form}
}

@article{Dissanayake2008b,
    title = {{Impact assessment of satellite centre-based telecommuting on travel and air quality in developing countries by exploring the link between travel behaviour and urban form}},
    year = {2008},
    journal = {Transportation Research Part A: Policy and Practice},
    author = {Dissanayake, Dilum and Morikawa, Takayuki},
    number = {6},
    month = {7},
    pages = {883--894},
    volume = {42},
    publisher = {Pergamon},
    doi = {10.1016/j.tra.2007.12.006},
    issn = {09658564},
    keywords = {Developing countries, Integrated transport and land use policies, Satellite centres, Telecommuting, Travel behaviour, Urban form}
}

@techreport{PerezSans2021,
    title = {{La mobilitat per motiu de feina a la prov{\'{i}}ncia de Barcelona}},
    year = {2021},
    author = {P{\'{e}}rez Sans, Núria and Nel{\textperiodcentered}lo Deakin, Samuel},
    url = {https://www.institutmetropoli.cat/wp-content/uploads/2021/12/EMEF_Estudi_especific_mobilitat_feina_2021.pdf},
    institution = {Institut d’Estudis Regionals i Metropolitans},
    address = {Barcelona}
}

@misc{Schneebeli2021a,
    title = {{Leere B{\"{u}}ros werden in Z{\"{u}}rich jetzt zu Wohnungen}},
    year = {2021},
    booktitle = {Tages-Anzeiger},
    author = {Schneebeli, Daniel},
    month = {4},
    url = {https://www.tagesanzeiger.ch/leere-bueros-werden-in-zuerich-jetzt-zu-wohnungen-175025031727},
    address = {Z{\"{u}}rich}
}

@article{Prytherch2012,
    title = {{Legal geographies-codifying the right-of-way: Statutory geographies of Urban mobility and the street}},
    year = {2012},
    journal = {Urban Geography},
    author = {Prytherch, David},
    number = {2},
    month = {2},
    pages = {295--314},
    volume = {33},
    publisher = {Taylor {\&} Francis Group},
    url = {https://www.tandfonline.com/doi/abs/10.2747/0272-3638.33.2.295},
    doi = {10.2747/0272-3638.33.2.295},
    issn = {02723638},
    keywords = {Ohio, legal geographies, mobility, public space, transportation}
}

@inproceedings{Pratiwi2023,
    title = {{Office Conversion to Residential: Innovation in Housing and Urban Vulnerability}},
    year = {2023},
    booktitle = {Lecture Notes in Civil Engineering},
    author = {Pratiwi, Wiwik Dwi and Zuraida, Siswanti and Margono, Romi Bramantyo and Kurniawati, Ike and Dorothy, Ester and Tang, Angel},
    pages = {439--454},
    volume = {334 LNCE},
    publisher = {Springer Science and Business Media Deutschland GmbH},
    url = {https://link.springer.com/chapter/10.1007/978-981-99-1403-6_29},
    isbn = {9789819914029},
    doi = {10.1007/978-981-99-1403-6{\_}29},
    issn = {23662565},
    keywords = {Building conversion, Office, Planning context, Policy innovation, Residential}
}

@article{Mann1947,
    title = {{On a Test of Whether one of Two Random Variables is Stochastically Larger than the Other}},
    year = {1947},
    journal = {The Annals of Mathematical Statistics},
    author = {Mann, H. B. and Whitney, D. R.},
    number = {1},
    month = {3},
    pages = {50--60},
    volume = {18},
    publisher = {Institute of Mathematical Statistics},
    url = {https://projecteuclid.org/journals/annals-of-mathematical-statistics/volume-18/issue-1/On-a-Test-of-Whether-one-of-Two-Random-Variables/10.1214/aoms/1177730491.full},
    doi = {10.1214/aoms/1177730491},
    issn = {0003-4851}
}

@misc{OpenStreetMap,
    title = {{Planet dump for the Metropolitan area of Barcelona (RMB) retrieved from https://planet.osm.org}},
    year = {2021},
    author = {{OpenStreetMap contributors}},
    howpublished = {{\textbackslash}url{\{} https://www.openstreetmap.org {\}}}
}

@article{Comber2019,
    title = {{Spatial interpolation using areal features: A review of methods and opportunities using new forms of data with coded illustrations}},
    year = {2019},
    journal = {Geography Compass},
    author = {Comber, Alexis and Zeng, Wen},
    number = {10},
    month = {10},
    volume = {13},
    publisher = {Blackwell Publishing},
    url = {https://compass.onlinelibrary.wiley.com/doi/10.1111/gec3.12465},
    doi = {10.1111/gec3.12465},
    issn = {1749-8198},
    keywords = {geocomputation, population, spatial analysis, spatial analytics}
}

@misc{Rohwetter,
    title = {{Stadtentwicklung: Neuer Glanz f{\"{u}}r die Stadt}},
    year = {2022},
    booktitle = {Zeit Online},
    author = {Rohwetter, Marcus},
    month = {12},
    url = {https://www.zeit.de/2022/52/stadtentwicklung-innenstadt-konsum-oeffentlicher-raum/komplettansicht}
}

@book{Jacobs1961,
    title = {{The Death and Life of Great American Cities}},
    year = {1961},
    author = {Jacobs, Jane},
    pages = {472},
    publisher = {Vintage Books - Random House},
    url = {https://www.buurtwijs.nl/sites/default/files/buurtwijs/bestanden/jane_jacobs_the_death_and_life_of_great_american.pdf},
    address = {New York}
}

@misc{Myers2021,
    title = {{The housing theory of everything}},
    year = {2021},
    booktitle = {Works in Progress},
    author = {Myers, John and Southwood, Ben and Bowman, Sam},
    url = {https://worksinprogress.co/issue/the-housing-theory-of-everything}
}

@article{Crane2000,
    title = {{The Influence of Urban Form on Travel: An Interpretive Review}},
    year = {2000},
    journal = {Journal of Planning Literature},
    author = {Crane, Randall},
    number = {1},
    month = {8},
    pages = {3--23},
    volume = {15},
    publisher = {Sage PublicationsSage CA: Thousand Oaks, CA},
    url = {http://journals.sagepub.com/doi/10.1177/08854120022092890},
    doi = {10.1177/08854120022092890},
    issn = {0885-4122}
}

@article{Giovanis2018,
    title = {{The relationship between teleworking, traffic and air pollution}},
    year = {2018},
    journal = {Atmospheric Pollution Research},
    author = {Giovanis, Eleftherios},
    number = {1},
    month = {1},
    pages = {1--14},
    volume = {9},
    publisher = {Elsevier B.V.},
    doi = {10.1016/j.apr.2017.06.004},
    issn = {13091042},
    keywords = {Air quality, Fixed effects, Instrumental variables, Panel data, Teleworking, Traffic}
}

@article{Caldarelli2023,
    title = {{The role of complexity for digital twins of cities}},
    year = {2023},
    journal = {Nature Computational Science},
    author = {Caldarelli, G and Arcaute, E and Barthelemy, M and Batty, M and Gershenson, C and Helbing, D and Mancuso, S and Moreno, Y and Ramasco, J J and Rozenblat, C and S{\'{a}}nchez, A. and Fern{\'{a}}ndez-Villaca{\~{n}}as, J. L.},
    month = {5},
    url = {https://www.nature.com/articles/s43588-023-00431-4},
    doi = {10.1038/s43588-023-00431-4},
    issn = {2662-8457}
}

@article{Ewing2010,
    title = {{Travel and the Built Environment}},
    year = {2010},
    journal = {Journal of the American Planning Association},
    author = {Ewing, Reid and Cervero, Robert},
    number = {3},
    month = {6},
    pages = {265--294},
    volume = {76},
    publisher = {Taylor {\&} Francis Group},
    url = {https://www.tandfonline.com/doi/abs/10.1080/01944361003766766},
    doi = {10.1080/01944361003766766},
    issn = {0194-4363},
    keywords = {built environment, effect sizes, transit, vehicle miles traveled (VMT), walking}
}

@article{Cervero1997,
    title = {{Travel demand and the 3Ds: Density, diversity, and design}},
    year = {1997},
    journal = {Transportation Research Part D: Transport and Environment},
    author = {Cervero, Robert and Kockelman, Kara},
    number = {3},
    month = {9},
    pages = {199--219},
    volume = {2},
    publisher = {Pergamon},
    url = {https://linkinghub.elsevier.com/retrieve/pii/S1361920997000096},
    doi = {10.1016/S1361-9209(97)00009-6},
    issn = {13619209}
}

@misc{Frei2023a,
    title = {{Vorzeigeprojekt in Kanada: Wie Calgary leere B{\"{u}}rofl{\"{a}}chen in bezahlbaren Wohnraum umnutzt}},
    year = {2023},
    booktitle = {Tages-Anzeiger},
    author = {Frei, Andreas},
    month = {5},
    url = {https://www.tagesanzeiger.ch/wie-calgary-leere-bueroflaechen-in-bezahlbaren-wohnraum-umnutzt-337147987333}
}

@misc{Meyer2024a,
    title = {{Wohnungsnot in der Schweiz: Leere B{\"{u}}ros sollen Linderung bringen}},
    year = {2024},
    booktitle = {Tages-Anzeiger},
    author = {Meyer, Maren},
    month = {2},
    url = {https://www.tagesanzeiger.ch/wohnungsnot-in-der-schweiz-leere-bueros-sollen-linderung-bringen-863705853815}
}

@misc{AjuntamentdeBarcelona2024,
    title = {{[CORRECCI{\'{O}}] El mercat d’oficines de Barcelona presenta una situaci{\'{o}} d’equilibri entre l’oferta i la demanda : Servei de Premsa}},
    year = {2024},
    booktitle = {Sala de Premsa Ajuntament de Barcelona},
    author = {{Ajuntament de Barcelona}},
    url = {https://ajuntament.barcelona.cat/premsa/2024/05/15/el-mercat-doficines-de-barcelona-presenta-una-situacio-dequilibri-entre-loferta-i-la-demanda/}
}

@article{Carteni2022ALevels,
    title = {{A cognitive and participative decision-making model for transportation planning under different uncertainty levels}},
    year = {2022},
    journal = {Transport Policy},
    author = {Carten{\`{i}}, Armando and Marzano, Vittorio and Henke, Ilaria and Cascetta, Ennio},
    month = {2},
    pages = {386--398},
    volume = {116},
    publisher = {Pergamon},
    doi = {10.1016/j.tranpol.2021.12.013},
    issn = {1879310X},
    keywords = {Bounded rationality, Deep uncertainty, Penelope syndrome, Post-COVID-19 new normal, Project evaluation and assessment, Public decision-making processes, Public engagement, Transport infrastructures and services, Transportation planning, Uncertainty levels}
}

@article{McGraw1992AStatistic.,
    title = {{A common language effect size statistic.}},
    year = {1992},
    journal = {Psychological Bulletin},
    author = {McGraw, Kenneth O. and Wong, S. P.},
    number = {2},
    month = {3},
    pages = {361--365},
    volume = {111},
    publisher = {American Psychological Association (APA)},
    doi = {10.1037/0033-2909.111.2.361},
    issn = {0033-2909}
}

@article{Vargha2000AWong,
    title = {{A Critique and Improvement of the CL Common Language Effect Size Statistics of McGraw and Wong}},
    year = {2000},
    journal = {http://dx.doi.org/10.3102/10769986025002101},
    author = {Vargha, András and Delaney, Harold D.},
    number = {2},
    month = {6},
    pages = {101--132},
    volume = {25},
    publisher = {SAGE PublicationsSage CA: Los Angeles, CA},
    url = {https://journals.sagepub.com/doi/abs/10.3102/10769986025002101?journalCode=jebb},
    doi = {10.3102/10769986025002101},
    issn = {10769986},
    keywords = {Friedman test, Kruskal-Wallis test, Mann-Whitney-Wilcoxon test, Sign-test, effect size measures, group comparison, measure of stochastic superiority, stochastic equality, stochastic homogeneity}
}

@article{Krueger2023ACorrections,
    title = {{A data fusion approach for ride-sourcing demand estimation: A discrete choice model with sampling and endogeneity corrections}},
    year = {2023},
    journal = {Transportation Research Part C: Emerging Technologies},
    author = {Krueger, Rico and Bierlaire, Michel and Bansal, Prateek},
    number = {October 2022},
    month = {7},
    pages = {104180},
    volume = {152},
    publisher = {Elsevier Ltd},
    doi = {10.1016/j.trc.2023.104180},
    issn = {0968090X},
    arxivId = {2212.02178},
    keywords = {Big data, Endogeneity, Mode choice, Ride-sourcing, Travel demand}
}

@article{Simini2021AGeneration,
    title = {{A Deep Gravity model for mobility flows generation}},
    year = {2021},
    journal = {Nature Communications},
    author = {Simini, Filippo and Barlacchi, Gianni and Luca, Massimilano and Pappalardo, Luca},
    number = {1},
    month = {11},
    pages = {6576},
    volume = {12},
    publisher = {Nature Publishing Group},
    url = {https://www.nature.com/articles/s41467-021-26752-4},
    doi = {10.1038/s41467-021-26752-4},
    issn = {2041-1723},
    pmid = {34772925},
    keywords = {Applied mathematics, Computer science, Geography, Statistics}
}

@article{Lopane2023AModeling,
    title = {{A land-use transport-interaction framework for large scale strategic urban modeling}},
    year = {2023},
    journal = {Computers, Environment and Urban Systems},
    author = {Lopane, Fulvio D. and Kalantzi, Eleni and Milton, Richard and Batty, Michael},
    month = {9},
    pages = {102007},
    volume = {104},
    publisher = {Pergamon},
    url = {https://linkinghub.elsevier.com/retrieve/pii/S0198971523000704},
    doi = {10.1016/j.compenvurbsys.2023.102007},
    issn = {01989715}
}

@article{Robinson2018AMigration,
    title = {{A machine learning approach to modeling human migration}},
    year = {2018},
    journal = {Proceedings of the 1st ACM SIGCAS Conference on Computing and Sustainable Societies, COMPASS 2018},
    author = {Robinson, Caleb and Dilkina, Bistra},
    month = {6},
    publisher = {Association for Computing Machinery, Inc},
    url = {https://dl.acm.org/doi/10.1145/3209811.3209868},
    isbn = {9781450358163},
    doi = {10.1145/3209811.3209868},
    arxivId = {1711.05462},
    keywords = {Computational sustainability, Machine learning, Migration modeling}
}

@article{Sorensen1948AContent,
    title = {{A Method of Establishing Groups of Equal Amplitude in Plant Sociology Based on Similarity of Species Content}},
    year = {1948},
    journal = {Det. Kong. Danske Vidensk, Selesk Biology Skr},
    author = {Sorensen, T.},
    number = {1},
    pages = {1--34},
    volume = {5},
    url = {https://cir.nii.ac.jp/crid/1571135649789292416},
    issn = {0001-6926}
}

@article{Flowerdew1982ADISTRIBUTION,
    title = {{A METHOD OF FITTING THE GRAVITY MODEL BASED ON THE POISSON DISTRIBUTION*}},
    year = {1982},
    journal = {Journal of Regional Science},
    author = {Flowerdew, Robin and Aitkin, Murray},
    number = {2},
    month = {5},
    pages = {191--202},
    volume = {22},
    publisher = {John Wiley {\&} Sons, Ltd},
    url = {https://onlinelibrary.wiley.com/doi/10.1111/j.1467-9787.1982.tb00744.x},
    doi = {10.1111/j.1467-9787.1982.tb00744.x},
    issn = {0022-4146},
    pmid = {12265103}
}

@techreport{Lowry1964,
    title = {{A Model of Metropolis}},
    year = {1964},
    author = {Lowry, Ira S.},
    publisher = {RAND Corporation},
    url = {https://www.rand.org/pubs/research_memoranda/RM4035.html},
    institution = {RAND Corporation},
    address = {Santa Monica, CA}
}

@article{Ford2019AApplication,
    title = {{A multi-scale urban integrated assessment framework for climate change studies: A flooding application}},
    year = {2019},
    journal = {Computers, Environment and Urban Systems},
    author = {Ford, Alistair and Barr, Stuart and Dawson, Richard and Virgo, James and Batty, Michael and Hall, Jim},
    month = {5},
    pages = {229--243},
    volume = {75},
    publisher = {Elsevier Ltd},
    doi = {10.1016/J.COMPENVURBSYS.2019.02.005},
    keywords = {Cities, Climate change, Flooding, Land-use, Transport, Urban planning}
}

@article{Fotheringham1983ADestinations,
    title = {{A New Set of Spatial-Interaction Models: The Theory of Competing Destinations}},
    year = {1983},
    journal = {Environment and Planning A: Economy and Space},
    author = {Fotheringham, A S},
    number = {1},
    month = {1},
    pages = {15--36},
    volume = {15},
    publisher = {SAGE PublicationsSage UK: London, England},
    url = {https://journals.sagepub.com/doi/abs/10.1177/0308518x8301500103},
    doi = {10.1177/0308518x8301500103},
    issn = {0308-518X}
}

@article{Dicicciot1989AIntervals,
    title = {{A Review of Bootstrap Confidence Intervals}},
    year = {1989},
    journal = {Journal of the Royal Statistical Society Series B: Statistical Methodology},
    author = {Dicicciot, Thomas J and Romano, Joseph P and Statist, J R and Soc, B},
    number = {3},
    month = {7},
    pages = {470--470},
    volume = {51},
    publisher = {Oxford Academic},
    url = {https://dx.doi.org/10.1111/j.2517-6161.1989.tb01442.x},
    doi = {10.1111/J.2517-6161.1989.TB01442.X},
    issn = {1369-7412},
    keywords = {338-354], SO (1988)}
}

@article{Curry1972AFlows,
    title = {{A Spatial Analysis of Gravity Flows}},
    year = {1972},
    journal = {Regional Studies},
    author = {Curry, L.},
    number = {2},
    pages = {131--147},
    volume = {6},
    doi = {10.1080/09595237200185141},
    issn = {13600591}
}

@incollection{LeSage2016AEffects,
    title = {{A spatial interaction model with spatially structured origin and destination effects}},
    year = {2016},
    booktitle = {Advances in Spatial Science},
    author = {LeSage, James P. and Llano, Carlos},
    number = {9783319301945},
    pages = {171--197},
    volume = {15},
    publisher = {Springer International Publishing},
    url = {https://link.springer.com/chapter/10.1007/978-3-319-30196-9_9},
    doi = {10.1007/978-3-319-30196-9{\_}9},
    issn = {21979375},
    keywords = {Bayesian hierarchical models, Commodity flows, Spatial autoregressive random effects, Spatial connectivity of origin-destination flows}
}

@article{Costantino2023AItaly,
    title = {{A spatial origin-destination approach for the analysis of local tourism demand in Italy}},
    year = {2023},
    journal = {Papers in Regional Science},
    author = {Costantino, Salvatore and Francesca Cracolici, Maria and Paul Elhorst, J.},
    number = {2},
    month = {4},
    pages = {393--419},
    volume = {102},
    publisher = {John Wiley {\&} Sons, Ltd},
    url = {https://onlinelibrary.wiley.com/doi/10.1111/pirs.12726},
    doi = {10.1111/pirs.12726},
    issn = {14355957},
    keywords = {destination competitiveness, dynamic spatial panel data model, origin-destination approach, tourism resilience}
}

@article{Noulas2012AMobility,
    title = {{A tale of many cities: Universal patterns in human urban mobility}},
    year = {2012},
    journal = {PLoS ONE},
    author = {Noulas, Anastasios and Scellato, Salvatore and Lambiotte, Renaud and Pontil, Massimiliano and Mascolo, Cecilia},
    number = {5},
    month = {5},
    pages = {e37027},
    volume = {7},
    publisher = {Public Library of Science},
    url = {https://journals.plos.org/plosone/article?id=10.1371/journal.pone.0037027},
    doi = {10.1371/journal.pone.0037027},
    issn = {19326203},
    pmid = {22666339},
    arxivId = {1108.5355},
    keywords = {Cities, Geographic distribution, Human mobility, Probability density, Social geography, Social networks, Urban environments, Urban geography}
}

@unpublished{Alonso1976AMovements,
    title = {{A theory of movements}},
    year = {1976},
    author = {Alonso, William},
    institution = {University of California},
    address = {Berkeley, CA}
}

@inproceedings{Lundberg2017APredictions,
    title = {{A unified approach to interpreting model predictions}},
    year = {2017},
    booktitle = {Advances in Neural Information Processing Systems},
    author = {Lundberg, Scott M and Lee, Su In},
    pages = {4766--4775},
    volume = {2017-Decem},
    url = {https://github.com/slundberg/shap},
    issn = {10495258},
    arxivId = {1705.07874}
}

@article{Simini2012APatterns,
    title = {{A universal model for mobility and migration patterns}},
    year = {2012},
    journal = {Nature},
    author = {Simini, Filippo and Gonz{\'{a}}lez, Marta C. and Maritan, Amos and Barab{\'{a}}si, Albert László},
    number = {7392},
    month = {2},
    pages = {96--100},
    volume = {484},
    publisher = {Nature Publishing Group},
    url = {https://www.nature.com/articles/nature10856},
    doi = {10.1038/nature10856},
    issn = {00280836},
    pmid = {22367540},
    keywords = {Ecology, Physics}
}

@article{Lenormand2012ANetworks,
    title = {{A Universal Model of Commuting Networks}},
    year = {2012},
    journal = {PLoS ONE},
    author = {Lenormand, Maxime and Huet, Sylvie and Gargiulo, Floriana and Deffuant, Guillaume},
    number = {10},
    month = {10},
    pages = {e45985},
    volume = {7},
    publisher = {Public Library of Science},
    url = {https://journals.plos.org/plosone/article?id=10.1371/journal.pone.0045985},
    doi = {10.1371/journal.pone.0045985},
    issn = {19326203},
    pmid = {23049691},
    arxivId = {1203.5184},
    keywords = {France, Geography, Human mobility, Italy, Network analysis, Optimization, Population density, Radii}
}

@article{Goulard2017AboutStrategies,
    title = {{About predictions in spatial autoregressive models: optimal and almost optimal strategies}},
    year = {2017},
    journal = {Spatial Economic Analysis},
    author = {Goulard, Michel and Laurent, Thibault and Thomas-Agnan, Christine},
    number = {2-3},
    pages = {304--325},
    volume = {12},
    doi = {10.1080/17421772.2017.1300679},
    issn = {17421780},
    keywords = {best linear unbiased prediction (BLUP), out-of-sample prediction, spatial simultaneous autoregressive models}
}

@article{Wicki2022AcceptingNeighbourhoods,
    title = {{Accepting and resisting densification: The importance of project-related factors and the contextualizing role of neighbourhoods}},
    year = {2022},
    journal = {Landscape and Urban Planning},
    author = {Wicki, Michael and Kaufmann, David},
    month = {4},
    pages = {104350},
    volume = {220},
    publisher = {Elsevier},
    url = {https://linkinghub.elsevier.com/retrieve/pii/S0169204621003133},
    doi = {10.1016/j.landurbplan.2021.104350},
    issn = {01692046},
    keywords = {Adaptive conjoint, Anti-growth, NIMBY, Public acceptance, Urban politics}
}

@article{Heath2001AdaptiveToronto,
    title = {{Adaptive re-use of offices for residential use: The experiences of London and Toronto}},
    year = {2001},
    journal = {Cities},
    author = {Heath, Tim},
    number = {3},
    month = {6},
    pages = {173--184},
    volume = {18},
    publisher = {Pergamon},
    doi = {10.1016/S0264-2751(01)00009-9},
    issn = {0264-2751},
    keywords = {Policy makers, Re-use, Revitalisation}
}

@article{LyderSen2021AdjustmentHypotheses,
    title = {{Adjustment of p-values for multiple hypotheses}},
    year = {2021},
    journal = {Tidsskrift for Den norske legeforening},
    author = {LyderSen, Stian},
    number = {13},
    month = {9},
    volume = {141},
    publisher = {Norwegian Medical Association},
    url = {https://tidsskriftet.no/en/2021/09/medicine-and-numbers/adjustment-p-values-multiple-hypotheses},
    doi = {10.4045/TIDSSKR.21.0357},
    issn = {0029-2001},
    pmid = {34596990}
}

@inproceedings{Tweedie1984AnFamilies,
    title = {{An index which distinguishes between some important exponential families}},
    year = {1984},
    booktitle = {Statistics: Applications and new directions: Proc. Indian statistical institute golden Jubilee International conference},
    author = {Tweedie, Maurice C K},
    editor = {Ghosh, J. K. and Roy, J.},
    pages = {579--604},
    volume = {579},
    publisher = {Indian Statistical Institute},
    address = {Calcutta}
}

@article{Rong2023AnTechniques,
    title = {{An Interdisciplinary Survey on Origin-destination Flows Modeling: Theory and Techniques}},
    year = {2023},
    journal = {ACM Computing Surveys},
    author = {Rong, Can and Ding, Jingtao and Li, Yong},
    volume = {1},
    url = {http://arxiv.org/abs/2306.10048},
    arxivId = {2306.10048},
    keywords = {Urban mobility, interdisciplines, modeling, origin-destination flows}
}

@article{Ermagun2018AnMatrix,
    title = {{An Introduction to the Network Weight Matrix}},
    year = {2018},
    journal = {Geographical Analysis},
    author = {Ermagun, Alireza and Levinson, David},
    number = {1},
    month = {1},
    pages = {76--96},
    volume = {50},
    publisher = {John Wiley {\&} Sons, Ltd},
    url = {https://onlinelibrary.wiley.com/doi/10.1111/gean.12134},
    doi = {10.1111/gean.12134},
    issn = {0016-7363}
}

@article{Alvarez-Diaz2020AnalysingModels,
    title = {{Analysing domestic tourism flows at the provincial level in Spain by using spatial gravity models}},
    year = {2020},
    journal = {International Journal of Tourism Research},
    author = {Alvarez-Diaz, Marcos and D'Hombres, Beatrice and Ghisetti, Claudia and Pontarollo, Nicola},
    number = {4},
    month = {7},
    pages = {403--415},
    volume = {22},
    publisher = {John Wiley {\&} Sons, Ltd},
    url = {https://onlinelibrary.wiley.com/doi/10.1002/jtr.2344},
    doi = {10.1002/JTR.2344},
    issn = {1522-1970},
    keywords = {3, NUTS, Spain, domestic tourism, elasticities, spatial econometrics}
}

@article{Rasouli2014ApplicationsResearch,
    title = {{Applications of theories and models of choice and decision-making under conditions of uncertainty in travel behavior research}},
    year = {2014},
    journal = {Travel Behaviour and Society},
    author = {Rasouli, Soora and Timmermans, Harry},
    number = {3},
    month = {9},
    pages = {79--90},
    volume = {1},
    publisher = {Elsevier},
    doi = {10.1016/j.tbs.2013.12.001},
    issn = {2214367X}
}

@article{Rowe2022AssessingWeather,
    title = {{Assessing Machine Learning Algorithms for Near-Real Time Bus Ridership Prediction During Extreme Weather}},
    year = {2022},
    author = {Rowe, Francisco and Mahony, Michael and Tao, Sui},
    month = {4},
    url = {http://arxiv.org/abs/2204.09792},
    arxivId = {2204.09792},
    keywords = {Big data, Machine learning, Prediction, Public transport, Travel behaviour, Weather 2}
}

@article{Fujimoto2006AxiomaticIndices,
    title = {{Axiomatic characterizations of probabilistic and cardinal-probabilistic interaction indices}},
    year = {2006},
    journal = {Games and Economic Behavior},
    author = {Fujimoto, Katsushige and Kojadinovic, Ivan and Marichal, Jean Luc},
    number = {1},
    month = {4},
    pages = {72--99},
    volume = {55},
    publisher = {Academic Press},
    doi = {10.1016/j.geb.2005.03.002},
    issn = {08998256},
    keywords = {Cooperative games, Interaction among players, Values and interaction indices}
}

@article{DiCiccio1996BootstrapIntervals,
    title = {{Bootstrap confidence intervals}},
    year = {1996},
    journal = {Statistical Science},
    author = {DiCiccio, Thomas J. and Efron, Bradley},
    number = {3},
    month = {9},
    pages = {189--212},
    volume = {11},
    publisher = {Institute of Mathematical Statistics},
    url = {https://projecteuclid.org/journals/statistical-science/volume-11/issue-3/Bootstrap-confidence-intervals/10.1214/ss/1032280214.full},
    doi = {10.1214/ss/1032280214},
    issn = {08834237},
    keywords = {BC{$\alpha$} and ABC methods, Bootstrap-t, Calibration, Second-order accuracy}
}

@inproceedings{Abdeen2022CityParticipation,
    title = {{City Digital Twin Concepts: A Vision for Community Participation}},
    year = {2022},
    booktitle = {Environmental Sciences Proceedings 2021},
    author = {Abdeen, Fathima Nishara and Sepasgozar, Samad M. E.},
    number = {1},
    month = {3},
    pages = {19},
    volume = {12},
    publisher = {Multidisciplinary Digital Publishing Institute},
    url = {https://www.mdpi.com/2673-4931/12/1/19},
    address = {Basel Switzerland},
    doi = {10.3390/environsciproc2021012019},
    issn = {2673-4931},
    keywords = {3D city, citizen engagement, construction, digital twin, digital twin cities, game engines, infrastructure, smart city, unity 3D, volunteered geographic information}
}

@phdthesis{Farmer2011CommutingTravel-to-work,
    title = {{Commuting flows {\&} local labour markets: Spatial interaction modelling of travel-to-work}},
    year = {2011},
    author = {Farmer, Carson},
    url = {http://berkeley.worldcat.org/title/commuting-flows-local-labour-markets-spatial-interaction-modelling-of-travel-to-work/oclc/773836954&referer=brief_results},
    school = {National University of Ireland, Maynooth}
}

@article{Guldmann1999CompetingFlows,
    title = {{Competing destinations and intervening opportunities interaction models of inter‐city telecommunication flows}},
    year = {1999},
    journal = {Papers in Regional Science},
    author = {Guldmann, Jean‐Michel},
    number = {2},
    month = {4},
    pages = {179--194},
    volume = {78},
    publisher = {Elsevier},
    doi = {10.1111/j.1435-5597.1999.tb00739.x},
    issn = {10568190}
}

@incollection{McFadden1974ConditionalBehavior,
    title = {{Conditional logit analysis of qualitative choice behavior}},
    year = {1974},
    booktitle = {Fontiers in {\{}Econometrics{\}}},
    author = {McFadden, Daniel},
    editor = {Zarembka, Paul},
    pages = {105--142},
    publisher = {Academic press},
    address = {New York},
    doi = {10.1080/07373937.2014.997882},
    issn = {15322300},
    keywords = {Cut tobacco, Heat transfer, Mass transfer, Simulation, Two-stage drying}
}

@article{Benjamini1995ControllingTesting,
    title = {{Controlling the False Discovery Rate: A Practical and Powerful Approach to Multiple Testing}},
    year = {1995},
    journal = {Journal of the Royal Statistical Society: Series B (Methodological)},
    author = {Benjamini, Yoav and Hochberg, Yosef},
    number = {1},
    pages = {289--300},
    volume = {57},
    doi = {10.1111/j.2517-6161.1995.tb02031.x},
    keywords = {bonferroni-type procedures, comparison procedures, familywise error rate, multiple, p-values}
}

@article{Geraedts2017ConversionHousing,
    title = {{Conversion Meter; A new tool to assess the conversion potential of vacant office buildings into housing}},
    year = {2017},
    journal = {International Conference on Advances on Sus- tainable Cities and Buildings Development},
    author = {Geraedts, Rob and Van Der Voordt, Theo J M and Rem{\o}y, Hilde and Geraedts, R P and Van Der Voordt, D J M and Rem{\o}y, H T},
    number = {November},
    url = {https://www.researchgate.net/publication/320870207},
    address = {Porto, Portugal},
    keywords = {Adaptive reuse, assessment tool, conversion meter, opportunities, risks, transformation, vacant buildings}
}

@article{Yin2022ConvGCN-RF:Effects,
    title = {{ConvGCN-RF: A hybrid learning model for commuting flow prediction considering geographical semantics and neighborhood effects}},
    year = {2022},
    journal = {GeoInformatica},
    author = {Yin, Ganmin and Huang, Zhou and Bao, Yi and Wang, Han and Li, Linna and Ma, Xiaolei and Zhang, Yi},
    number = {2},
    month = {4},
    pages = {137--157},
    volume = {27},
    publisher = {Springer USNew York},
    url = {https://dl.acm.org/doi/10.1007/s10707-022-00467-0},
    doi = {10.1007/S10707-022-00467-0},
    issn = {15737624},
    keywords = {Commuting flow, Geographical semantics, Graph neural network, Human mobility, Hybrid learning, Neighborhood effects}
}

@misc{Cushing2004CrossingModelling,
    title = {{Crossing boundaries and borders: Regional science advances in migration modelling}},
    year = {2004},
    booktitle = {Papers in Regional Science},
    author = {Cushing, Brian and Poot, Jacques},
    number = {1},
    month = {1},
    pages = {317--338},
    volume = {83},
    publisher = {Springer Verlag},
    url = {https://link.springer.com/article/10.1007/s10110-003-0188-5},
    doi = {10.1007/s10110-003-0188-5},
    issn = {14355957},
    keywords = {Forecasting, Internal migration, International migration, Population mobility, Public policy}
}

@article{Eicher2001DasymetricEvaluation,
    title = {{Dasymetric mapping and areal interpolation: Implementation and evaluation}},
    year = {2001},
    journal = {Cartography and Geographic Information Science},
    author = {Eicher, Cory L. and Brewer, Cynthia A.},
    number = {2},
    pages = {125--138},
    volume = {28},
    isbn = {1523040017},
    doi = {10.1559/152304001782173727},
    issn = {15230406},
    keywords = {Areal interpolation, Dasymetric mapping, Map error, Mapping census data}
}

@article{Iqbal2014DevelopmentData,
    title = {{Development of origin–destination matrices using mobile phone call data}},
    year = {2014},
    journal = {Transportation Research Part C: Emerging Technologies},
    author = {Iqbal, Md Shahadat and Choudhury, Charisma F. and Wang, Pu and Gonz{\'{a}}lez, Marta C.},
    month = {3},
    pages = {63--74},
    volume = {40},
    publisher = {Pergamon},
    url = {https://linkinghub.elsevier.com/retrieve/pii/S0968090X14000059},
    doi = {10.1016/j.trc.2014.01.002},
    issn = {0968090X},
    keywords = {Mobile phone, Origin-destination, Traffic microsimulation, Video count}
}

@book{Ben-Akiva1985DiscreteDemand,
    title = {{Discrete Choice Analysis: Theory and Application to Travel Demand}},
    year = {1985},
    author = {Ben-Akiva, M E and Lerman, S R},
    series = {MIT Press series in transportation studies},
    publisher = {MIT Press},
    isbn = {9780262022170}
}

@article{Holden2004EcologicalForm,
    title = {{Ecological footprints and sustainable urban form}},
    year = {2004},
    journal = {Journal of Housing and the Built Environment},
    author = {Holden, Erling},
    number = {1},
    pages = {91--109},
    volume = {19},
    publisher = {Springer},
    url = {https://link.springer.com/article/10.1023/B:JOHO.0000017708.98013.cb},
    doi = {10.1023/B:JOHO.0000017708.98013.cb},
    issn = {15664910},
    keywords = {Decentralized concentration, Ecological footprints, Planning, Sustainable consumption, Sustainable development, Sustainable urban form}
}

@incollection{Echenique2004EconometricTransportation,
    title = {{Econometric Models of Land Use and Transportation}},
    year = {2004},
    booktitle = {Handbook of Transport Geography and Spatial Systems},
    author = {Echenique, Marcial},
    editor = {Hensher, D.A. and Button, K.J. and Haynes, K.E. and Stopher, P.R.},
    chapter = {12},
    pages = {185--202},
    volume = {5},
    publisher = {Emerald Group Publishing Limited, Bingley},
    isbn = {978-0-080-44108-5},
    doi = {10.1108/9781615832538-012}
}

@article{Fu2012EnvironmentalSocio-demographics,
    title = {{Environmental policy implications of working from home: Modelling the impacts of land-use, infrastructure and socio-demographics}},
    year = {2012},
    journal = {Energy Policy},
    author = {Fu, Miao and Andrew Kelly, J. and Peter Clinch, J. and King, Fearghal},
    month = {8},
    pages = {416--423},
    volume = {47},
    publisher = {Elsevier},
    doi = {10.1016/j.enpol.2012.05.014},
    issn = {03014215},
    keywords = {Environmental policy, Transport and land use, Working from home}
}

@article{Qu2015EstimatingMatrix,
    title = {{Estimating a spatial autoregressive model with an endogenous spatial weight matrix}},
    year = {2015},
    journal = {Journal of Econometrics},
    author = {Qu, Xi and Lee, Lung Fei},
    number = {2},
    month = {2},
    pages = {209--232},
    volume = {184},
    publisher = {North-Holland},
    doi = {10.1016/j.jeconom.2014.08.008},
    issn = {18726895},
    keywords = {2SIV, Endogenous spatial weight matrix, GMM, QMLE, Spatial autoregressive model}
}

@article{Jaff2018EstimatingMalaysia,
    title = {{Estimating commute-travel implications of telecommuting by female employees in Kuala Lumpur, Malaysia}},
    year = {2018},
    journal = {Journal of Traffic and Transportation Engineering (English Edition)},
    author = {Jaff, Mootaz M. and Hamsa, Abdul Azeez Kadar},
    number = {2},
    month = {4},
    pages = {148--155},
    volume = {5},
    publisher = {Periodical Offices of Chang- an University},
    doi = {10.1016/j.jtte.2018.03.001},
    issn = {20957564},
    keywords = {Female employees, Single occupancy vehicle, Telecommuting, Travel implications}
}

@article{Jeong2023EstimationApproach,
    title = {{Estimation of spatial autoregressive models for origin–destination flows: A partial likelihood approach}},
    year = {2023},
    journal = {Economics Letters},
    author = {Jeong, Hanbat and Lin, Yanli and Lee, Lung fei},
    month = {8},
    pages = {111202},
    volume = {229},
    publisher = {North-Holland},
    doi = {10.1016/j.econlet.2023.111202},
    issn = {01651765},
    keywords = {Fixed effects, Origin–destination flow, Partial likelihood, Spatial autoregressive}
}

@article{Strumbelj2014ExplainingContributions,
    title = {{Explaining prediction models and individual predictions with feature contributions}},
    year = {2014},
    journal = {Knowledge and Information Systems},
    author = {{\v{S}}trumbelj, Erik and Kononenko, Igor},
    number = {3},
    month = {11},
    pages = {647--665},
    volume = {41},
    publisher = {Springer London},
    url = {https://link.springer.com/article/10.1007/s10115-013-0679-x},
    doi = {10.1007/s10115-013-0679-x},
    issn = {02193116},
    keywords = {Data mining, Decision support, Interpretability, Knowledge discovery, Visualization}
}

@article{Griffith1980ExplorationsInteraction.,
    title = {{Explorations into the relationship between spatial structure and spatial interaction.}},
    year = {1980},
    journal = {Environment and Planning A},
    author = {Griffith, D. A. and Jones, K. G.},
    number = {2},
    month = {2},
    pages = {187--201},
    volume = {12},
    publisher = {SAGE PublicationsSage UK: London, England},
    url = {https://journals.sagepub.com/doi/abs/10.1068/a120187},
    doi = {10.1068/a120187},
    issn = {0308518X}
}

@article{Bonat2018ExtendedData,
    title = {{Extended Poisson–Tweedie: Properties and regression models for count data}},
    year = {2018},
    journal = {Statistical Modelling},
    author = {Bonat, Wagner H and J{\o}rgensen, Bent and Kokonendji, Célestin C. and Hinde, John and Dem{\'{e}}trio, Clarice G. B.},
    number = {1},
    month = {2},
    pages = {24--49},
    volume = {18},
    url = {http://journals.sagepub.com/doi/10.1177/1471082X17715718},
    doi = {10.1177/1471082X17715718},
    issn = {1471-082X}
}

@article{Valero2012ExtendedModel,
    title = {{Extended Truncated Tweedie-Poisson Model}},
    year = {2012},
    journal = {Methodology and Computing in Applied Probability},
    author = {Valero, Jordi and Ginebra, Josep and P{\'{e}}rez-Casany, Marta},
    number = {3},
    month = {9},
    pages = {811--829},
    volume = {14},
    publisher = {Kluwer Academic Publishers},
    url = {https://link.springer.com/article/10.1007/s11009-012-9277-8},
    doi = {10.1007/s11009-012-9277-8},
    issn = {15737713},
    keywords = {Extended truncated negative binomial, Overdispersion, Poisson mixture, Species frequency, Truncated distribution, Tweedie models, Words frequency}
}

@article{Kitou2008ExternalTelework,
    title = {{External air pollution costs of telework}},
    year = {2008},
    journal = {International Journal of Life Cycle Assessment},
    author = {Kitou, Erasmia and Horvath, Arpad},
    number = {2},
    month = {6},
    pages = {155--165},
    volume = {13},
    publisher = {Springer Verlag},
    url = {http://dx.doi.org/10.1065/lca2007.06.338},
    doi = {10.1065/lca2007.06.338},
    issn = {09483349},
    keywords = {Air emissions, Energy, External costs, Monte Carlo simulation, Sensitivity analysis, Telecommuting, Telework}
}

@article{Kitou2008ExternalTeleworkb,
    title = {{External air pollution costs of telework}},
    year = {2008},
    journal = {International Journal of Life Cycle Assessment},
    author = {Kitou, Erasmia and Horvath, Arpad},
    number = {2},
    month = {6},
    pages = {155--165},
    volume = {13},
    publisher = {Springer Verlag},
    url = {http://dx.doi.org/10.1065/lca2007.06.338},
    doi = {10.1065/lca2007.06.338},
    issn = {09483349},
    keywords = {Air emissions, Energy, External costs, Monte Carlo simulation, Sensitivity analysis, Telecommuting, Telework}
}

@article{Gann1996FlexibilityFlats,
    title = {{Flexibility in building use: The technical feasibility of converting redundant offices into flats}},
    year = {1996},
    journal = {Construction Management and Economics},
    author = {Gann, David M and Barlow, James and Gann', David M and Low{\^{}}, James Bar},
    number = {1},
    pages = {55--66},
    volume = {14},
    publisher = {Routledge},
    url = {https://www.tandfonline.com/action/journalInformation?journalCode=rcme20},
    doi = {10.1080/01446199600000007},
    issn = {01446193},
    keywords = {Change of use, Conversion, Flexibility, Offices into flats, Technical feasibility}
}

@article{Cheng2021Flow-basedCarsharing,
    title = {{Flow-based unit is better: exploring factors affecting mid-term OD demand of station-based one-way electric carsharing}},
    year = {2021},
    journal = {Transportation Research Part D: Transport and Environment},
    author = {Cheng, Jiaqi and Chen, Xiaohong and Ye, Jianhong and Shan, Xiaonian},
    month = {9},
    pages = {102954},
    volume = {98},
    publisher = {Pergamon},
    doi = {10.1016/j.trd.2021.102954},
    issn = {13619209},
    keywords = {Carsharing, Machine learning, Origin–Destination Demand, SHAP value, Zero-inflation}
}

@article{Jiao2021ForecastingModel,
    title = {{Forecasting tourism demand: Developing a general nesting spatiotemporal model}},
    year = {2021},
    journal = {Annals of Tourism Research},
    author = {Jiao, Xiaoying and Chen, Jason Li and Li, Gang},
    month = {9},
    pages = {103277},
    volume = {90},
    publisher = {Pergamon},
    url = {https://linkinghub.elsevier.com/retrieve/pii/S0160738321001559},
    doi = {10.1016/j.annals.2021.103277},
    issn = {01607383},
    keywords = {GNST model, Panel data, SAC model, Spatiotemporal model, Tourism demand forecasting}
}

@book{Levine2019FromPlanning,
    title = {{From Mobility to Accessibility: Transforming Urban Transportation and Land-Use Planning}},
    year = {2019},
    author = {Levine, J and Grengs, J and Merlin, L A},
    publisher = {Cornell University Press},
    url = {https://books.google.ch/books?id=OjmUDwAAQBAJ},
    isbn = {9781501716102}
}

@article{Fotheringham1984FurtherMovement,
    title = {{Further Contributions to a General Theory of Movement}},
    year = {1984},
    journal = {Annals of the Association of American Geographers},
    author = {Fotheringham, A. Stewart and Dignan, Tony},
    number = {4},
    pages = {620--633},
    volume = {74},
    publisher = {Taylor {\&} Francis Group},
    url = {https://www.tandfonline.com/doi/abs/10.1111/j.1467-8306.1984.tb01478.x},
    doi = {10.1111/j.1467-8306.1984.tb01478.x},
    issn = {14678306},
    keywords = {sensitivity analysis, spatial interaction models, systemic variables, trip attraction, trip generation}
}

@techreport{Irwin2004GainingTelework,
    title = {{Gaining the Air Quality and Climate Benefit from Telework}},
    year = {2004},
    author = {Irwin, Fran},
    institution = {Environmental Protection Agency {\&} the AT{\&}T Foundation}
}

@article{Xu2024GeneralizedDemand,
    title = {{Generalized hurdle count data models based on interpretable machine learning with an application to health care demand}},
    year = {2024},
    journal = {Computing},
    author = {Xu, Xin and Ye, Tao and Gao, Jieying and Chu, Dongxiao},
    number = {2},
    month = {2},
    pages = {295--325},
    volume = {106},
    publisher = {Springer},
    url = {https://link.springer.com/10.1007/s00607-023-01224-3},
    doi = {10.1007/s00607-023-01224-3},
    issn = {0010-485X},
    keywords = {Generalized hurdle, Interpretable machine learning, Two-stage, Zero-inflated}
}

@inproceedings{Singleton2021GeographicScience,
    title = {{Geographic Data Science}},
    year = {2021},
    booktitle = {Geographical Analysis},
    author = {Singleton, Alex and Arribas-Bel, Daniel},
    number = {1},
    month = {1},
    pages = {61--75},
    volume = {53},
    publisher = {John Wiley {\&} Sons, Ltd},
    url = {https://onlinelibrary.wiley.com/doi/full/10.1111/gean.12194 https://onlinelibrary.wiley.com/doi/abs/10.1111/gean.12194 https://onlinelibrary.wiley.com/doi/10.1111/gean.12194},
    doi = {10.1111/gean.12194},
    issn = {15384632}
}

@misc{Pesaresi2023GHS-BUILT-CData,
    title = {{GHS-BUILT-C R2023A - GHS Settlement Characteristics, derived from Sentinel2 composite (2018) and other GHS R2023A data}},
    year = {2023},
    author = {Pesaresi, Martino and Politis, Panagiotis},
    publisher = {European Commission, Joint Research Centre (JRC)},
    url = {http://data.europa.eu/89h/3c60ddf6-0586-4190-854b-f6aa0edc2a30},
    doi = {10.2905/3C60DDF6-0586-4190-854B-F6AA0EDC2A30}
}

@article{Natekin2013GradientTutorial,
    title = {{Gradient boosting machines, a tutorial}},
    year = {2013},
    journal = {Frontiers in Neurorobotics},
    author = {Natekin, Alexey and Knoll, Alois},
    number = {DEC},
    month = {12},
    pages = {63623},
    volume = {7},
    publisher = {Frontiers Research Foundation},
    doi = {10.3389/fnbot.2013.00021},
    issn = {16625218},
    keywords = {Boosting, Classification, Gradient boosting, Machine learning, Regression, Robotic control, Text classification}
}

@book{Sen1995GravityBehavior,
    title = {{Gravity Models of Spatial Interaction Behavior}},
    year = {1995},
    author = {Sen, Ashish and Smith, Tony E.},
    series = {Advances in Spatial and Network Economics},
    publisher = {Springer Berlin Heidelberg},
    url = {http://link.springer.com/10.1007/978-3-642-79880-1},
    address = {Berlin, Heidelberg},
    isbn = {978-3-642-79882-5},
    doi = {10.1007/978-3-642-79880-1}
}

@article{Masucci2013GravityFlows,
    title = {{Gravity versus radiation models: On the importance of scale and heterogeneity in commuting flows}},
    year = {2013},
    journal = {Physical Review E - Statistical, Nonlinear, and Soft Matter Physics},
    author = {Masucci, A. Paolo and Serras, Joan and Johansson, Anders and Batty, Michael},
    number = {2},
    month = {8},
    pages = {022812},
    volume = {88},
    publisher = {American Physical Society},
    url = {https://journals.aps.org/pre/abstract/10.1103/PhysRevE.88.022812},
    doi = {10.1103/PHYSREVE.88.022812/FIGURES/6/MEDIUM},
    issn = {15393755},
    arxivId = {1206.5735}
}

@article{Friedman2001GreedyMachine.,
    title = {{Greedy function approximation: A gradient boosting machine.}},
    year = {2001},
    journal = {The Annals of Statistics},
    author = {Friedman, Jerome H.},
    number = {5},
    month = {10},
    pages = {1189--1232},
    volume = {29},
    publisher = {Institute of Mathematical Statistics},
    url = {https://projecteuclid.org/journals/annals-of-statistics/volume-29/issue-5/Greedy-function-approximation-A-gradient-boosting-machine/10.1214/aos/1013203451.full},
    doi = {10.1214/aos/1013203451},
    issn = {0090-5364},
    keywords = {Boosting, Decision trees, Function estimation, Robust nonparametric regression}
}

@article{Echenique2012GrowingSustainably,
    title = {{Growing cities sustainably}},
    year = {2012},
    journal = {Journal of the American Planning Association},
    author = {Echenique, Marcial H. and Hargreaves, Anthony J. and Mitchell, Gordon and Namdeo, Anil},
    number = {2},
    month = {4},
    pages = {121--137},
    volume = {78},
    publisher = {Taylor {\&} Francis Group},
    url = {https://www.tandfonline.com/doi/abs/10.1080/01944363.2012.666731},
    doi = {10.1080/01944363.2012.666731},
    issn = {01944363},
    keywords = {compaction, regional spatial planning, smart growth, sprawl, sustainability, urban form}
}

@article{Zenkteler2019Home-basedResponse,
    title = {{Home-based work in cities: In search of an appropriate urban planning response}},
    year = {2019},
    journal = {Futures},
    author = {Zenkteler, Matthew and Darchen, Sebastien and Mateo-Babiano, Iderlina and Baffour, Bernard},
    month = {11},
    pages = {102494},
    publisher = {Elsevier Ltd},
    doi = {10.1016/j.futures.2019.102494},
    issn = {00163287},
    keywords = {Economic development, Home-based work, Locational preferences, Urban planning}
}

@article{Hansen1959HowUse,
    title = {{How Accessibility Shapes Land Use}},
    year = {1959},
    journal = {Journal of the American Planning Association},
    author = {Hansen, Walter G.},
    number = {2},
    pages = {73--76},
    volume = {25},
    publisher = {Taylor {\&} Francis Group},
    url = {https://www.tandfonline.com/doi/abs/10.1080/01944365908978307},
    doi = {10.1080/01944365908978307},
    issn = {01944363}
}

@article{Liu2020HowPerspective,
    title = {{How urban land use influences commuting flows in Wuhan, Central China: A mobile phone signaling data perspective}},
    year = {2020},
    journal = {Sustainable Cities and Society},
    author = {Liu, Yaolin and Fang, Feiguo and Jing, Ying},
    month = {2},
    pages = {101914},
    volume = {53},
    publisher = {Elsevier},
    doi = {10.1016/j.scs.2019.101914},
    issn = {22106707},
    keywords = {Commuting flows, Gravity model, Mobile phone signaling data, Moderated multiple regression, Urban land use}
}

@book{Zipf1949HumanEffort.,
    title = {{Human behavior and the principle of least effort.}},
    year = {1949},
    booktitle = {Human behavior and the principle of least effort.},
    author = {Zipf, George Kingsley},
    pages = {xi, 573-xi, 573},
    publisher = {Addison-Wesley Press},
    address = {Oxford,  England}
}

@article{Simini2013HumanApproach,
    title = {{Human Mobility in a Continuum Approach}},
    year = {2013},
    journal = {PLoS ONE},
    author = {Simini, Filippo and Maritan, Amos and N{\'{e}}da, Zoltán},
    number = {3},
    month = {3},
    pages = {e60069},
    volume = {8},
    publisher = {Public Library of Science},
    url = {https://journals.plos.org/plosone/article?id=10.1371/journal.pone.0060069},
    doi = {10.1371/journal.pone.0060069},
    issn = {19326203},
    pmid = {23555885},
    arxivId = {1206.4359},
    keywords = {Cell phones, Census, Fractals, Human mobility, Jobs, Probability distribution, Telecommunications, Transportation}
}

@article{Barbosa2018HumanApplications,
    title = {{Human mobility: Models and applications}},
    year = {2018},
    journal = {Physics Reports},
    author = {Barbosa, Hugo and Barthelemy, Marc and Ghoshal, Gourab and James, Charlotte R. and Lenormand, Maxime and Louail, Thomas and Menezes, Ronaldo and Ramasco, José J. and Simini, Filippo and Tomasini, Marcello},
    month = {3},
    pages = {1--74},
    volume = {734},
    publisher = {Elsevier B.V.},
    url = {https://linkinghub.elsevier.com/retrieve/pii/S037015731830022X},
    doi = {10.1016/j.physrep.2018.01.001},
    issn = {03701573},
    arxivId = {1710.00004},
    keywords = {Human dynamics, Human mobility, Origin–destination matrices, Random walks}
}

@article{Heimgartner2024HybridFrequencies,
    title = {{Hybrid work arrangement choices and its implications for home office frequencies}},
    year = {2024},
    journal = {2024 TRB Annual Meeting Online Program Archive},
    author = {Heimgartner, Daniel ; and Axhausen, Kay W},
    pages = {24--04410},
    publisher = {The National Academies of Sciences, Engineering, and Medicine},
    url = {https://doi.org/10.3929/ethz-b-000635243},
    doi = {10.3929/ETHZ-B-000635243},
    keywords = {Discrete choice, Home office, Hybrid work arrangements, Stated preference, Telework}
}

@inproceedings{Bussiere2002Impact1996-2016,
    title = {{Impact of telework and flexitime on reducing future urban travel demand: The case of Montreal and Quebec (Canada), 1996-2016}},
    year = {2002},
    booktitle = {Advances in Transport},
    author = {Bussi{\`{e}}re, Y. and Lewis, P.},
    pages = {279--288},
    url = {www.witpress.com},
    isbn = {1853129054},
    issn = {1462608X}
}

@article{Le2022ImpactsReview,
    title = {{Impacts of online shopping on travel demand: a systematic review}},
    year = {2022},
    journal = {Transport Reviews},
    author = {Le, Huyen T.K. and Carrel, Andre L. and Shah, Harsh},
    number = {3},
    month = {5},
    pages = {273--295},
    volume = {42},
    publisher = {Routledge},
    url = {https://www.tandfonline.com/doi/abs/10.1080/01441647.2021.1961917},
    doi = {10.1080/01441647.2021.1961917},
    issn = {14645327},
    keywords = {E-tail, ICT, e-shopping, telemobility, travel behaviour}
}

@article{Chapple2017IncomeDisplacement,
    title = {{Income Inequality and Urban Displacement}},
    year = {2017},
    journal = {New Labor Forum},
    author = {Chapple, Karen},
    number = {1},
    month = {1},
    pages = {84--93},
    volume = {26},
    publisher = {SAGE Publications Inc.},
    url = {http://journals.sagepub.com/doi/10.1177/1095796016682018},
    doi = {10.1177/1095796016682018},
    issn = {1095-7960},
    keywords = {Marxism, capitalism, inequality, middle class, working class}
}

@article{Huang2023IncreasingExplanations,
    title = {{Increasing transparency in machine learning through bootstrap simulation and shapely additive explanations}},
    year = {2023},
    journal = {PLoS ONE},
    author = {Huang, Alexander A. and Huang, Samuel Y.},
    number = {2 February},
    month = {2},
    pages = {e0281922},
    volume = {18},
    publisher = {Public Library of Science},
    url = {https://journals.plos.org/plosone/article?id=10.1371/journal.pone.0281922},
    isbn = {1111111111},
    doi = {10.1371/journal.pone.0281922},
    issn = {19326203},
    pmid = {36821544},
    keywords = {Angina, Cardiovascular diseases, Cholesterol, Forecasting, Heart rate, Machine learning, Simulation and modeling, Test statistics}
}

@article{Wu2023InferringModel,
    title = {{Inferring Cell–Cell Communications from Spatially Resolved Transcriptomics Data Using a Bayesian Tweedie Model}},
    year = {2023},
    journal = {Genes},
    author = {Wu, Dongyuan and Gaskins, Jeremy T. and Sekula, Michael and Datta, Susmita},
    number = {7},
    month = {6},
    pages = {1368},
    volume = {14},
    publisher = {Multidisciplinary Digital Publishing Institute},
    url = {https://www.mdpi.com/2073-4425/14/7/1368},
    doi = {10.3390/genes14071368},
    issn = {20734425},
    pmid = {37510272},
    keywords = {Bayesian modeling, Tweedie distribution, cellular communication, generalized linear regression model, spatial transcriptomics}
}

@article{Lenormand2015InfluenceMobility,
    title = {{Influence of sociodemographics on human mobility}},
    year = {2015},
    journal = {Scientific Reports},
    author = {Lenormand, Maxime and Louail, Thomas and Cant{\'{u}}-Ros, Oliva G. and Picornell, Miguel and Herranz, Ricardo and Arias, Juan Murillo and Barthelemy, Marc and Miguel, Maxi San and Ramasco, José J.},
    number = {1},
    month = {5},
    pages = {1--15},
    volume = {5},
    publisher = {Nature Publishing Group},
    url = {www.nature.com/scientificreports},
    doi = {10.1038/srep10075},
    issn = {20452322},
    pmid = {25993055},
    keywords = {Applied mathematics, Applied physics}
}

@article{Ballerini2008InteractionStudy,
    title = {{Interaction ruling animal collective behavior depends on topological rather than metric distance: Evidence from a field study}},
    year = {2008},
    journal = {Proceedings of the National Academy of Sciences of the United States of America},
    author = {Ballerini, M. and Cabibbo, N. and Candelier, R. and Cavagna, A. and Cisbani, E. and Giardina, I. and Lecomte, V. and Orlandi, A. and Parisi, G. and Procaccini, A. and Viale, M. and Zdravkovic, V.},
    number = {4},
    month = {1},
    pages = {1232--1237},
    volume = {105},
    publisher = {National Academy of Sciences},
    url = {https://www.pnas.org/doi/abs/10.1073/pnas.0711437105},
    doi = {10.1073/PNAS.0711437105/SUPPL{\_}FILE/IMAGE1885.GIF},
    issn = {10916490},
    pmid = {18227508},
    keywords = {Animal groups, Behavioral rules, Flocking, Self-organization}
}

@article{Stouffer1940InterveningDistance,
    title = {{Intervening Opportunities: A Theory Relating Mobility and Distance}},
    year = {1940},
    journal = {American Sociological Review},
    author = {Stouffer, Samuel A},
    number = {6},
    month = {12},
    pages = {845},
    volume = {5},
    publisher = {American Sociological Review},
    url = {http://www.jstor.org/stable/2084520?origin=crossref},
    doi = {10.2307/2084520},
    issn = {00031224}
}

@article{LeSage2009IntroductionEconometrics,
    title = {{Introduction to Spatial Econometrics}},
    year = {2009},
    author = {LeSage, James and Pace, Robert Kelley},
    month = {1},
    publisher = {Chapman and Hall/CRC},
    url = {https://www.taylorfrancis.com/books/mono/10.1201/9781420064254/introduction-spatial-econometrics-james-lesage-robert-kelley-pace},
    isbn = {9780429138089},
    doi = {10.1201/9781420064254}
}

@misc{LaVa,
    title = {{La izquierda no lee a Piketty (Y as{\'{i}} le va)}},
    url = {https://www.meneame.net/m/Art%C3%ADculos/izquierda-no-lee-piketty-asi-va}
}

@misc{AlvarezLaFeudalismo,
    title = {{La vivienda y el nuevo feudalismo}},
    author = {{\'{A}}lvarez, María},
    url = {https://mariaalvarez.substack.com/p/la-vivienda-y-el-nuevo-feudalismo?triedRedirect=true}
}

@article{Acheampong2015,
doi = {10.5198/jtlu.2015.806},
issn = {1938-7849},
journal = {Journal of Transport and Land Use},
keywords = {Activity-based approach,Four-step model,Land-use,Micro-simulation,Stochasticity,Transportation,Uncertainty},
mendeley-groups = {Urban Simulators/Teleworking,Urban Planning,Urban Simulators/paper BCN (pruning cities 01)},
month = {jul},
number = {3},
pages = {11--38},
title = {{Land use–transport interaction modeling: A review of the literature and future research directions}},
url = {https://www.jtlu.org/index.php/jtlu/article/view/806},
volume = {8},
year = {2015}
}


@incollection{Wegener2021Land-UseModels,
    title = {{Land-Use Transport Interaction Models}},
    year = {2021},
    booktitle = {Handbook of Regional Science},
    author = {Wegener, Michael},
    pages = {229--246},
    publisher = {Springer Berlin Heidelberg},
    url = {https://doi.org/10.1007/978-3-662-60723-7_41},
    address = {Berlin, Heidelberg},
    isbn = {9783662607237},
    doi = {10.1007/978-3-662-60723-7{\_}41},
    keywords = {Equilibrium vs. dynamic models, Land use and transport policies, Macro vs. micro models, Urban land-use transport interaction}
}

@article{Liu2020LearningPrediction,
    title = {{Learning Geo-Contextual Embeddings for Commuting Flow Prediction}},
    year = {2020},
    journal = {Proceedings of the AAAI Conference on Artificial Intelligence},
    author = {Liu, Zhicheng and Miranda, Fabio and Xiong, Weiting and Yang, Junyan and Wang, Qiao and Silva, Claudio},
    number = {01},
    month = {4},
    pages = {808--816},
    volume = {34},
    publisher = {AAAI press},
    url = {https://ojs.aaai.org/index.php/AAAI/article/view/5425},
    isbn = {9781577358350},
    doi = {10.1609/aaai.v34i01.5425},
    issn = {2374-3468},
    arxivId = {2005.01690},
    keywords = {Applications}
}

@inproceedings{Yeghikyan2020LearningNetworks,
    title = {{Learning Mobility Flows from Urban Features with Spatial Interaction Models and Neural Networks}},
    year = {2020},
    booktitle = {2020 IEEE International Conference on Smart Computing (SMARTCOMP)},
    author = {Yeghikyan, Gevorg and Opolka, Felix L. and Nanni, Mirco and Lepri, Bruno and Lio, Pietro},
    month = {9},
    pages = {57--64},
    publisher = {IEEE},
    url = {https://ieeexplore.ieee.org/document/9239613/},
    isbn = {978-1-7281-6997-2},
    doi = {10.1109/SMARTCOMP50058.2020.00028},
    arxivId = {2004.11924},
    keywords = {graph neural networks, spatial interaction models, urban computing, urban mobility flows}
}

@article{ArgotaSanchez-Vaquerizo2023LessCity-making,
    title = {{Less can be more: Pruning street networks for sustainable city-making}},
    year = {2023},
    journal = {Transportation Research Interdisciplinary Perspectives},
    author = {Argota S{\'{a}}nchez-Vaquerizo, Javier and Helbing, Dirk},
    month = {9},
    pages = {100878},
    volume = {21},
    url = {https://linkinghub.elsevier.com/retrieve/pii/S2590198223001252},
    doi = {10.1016/j.trip.2023.100878},
    issn = {25901982}
}

@article{Yang2014LimitsCalibration,
    title = {{Limits of predictability in commuting flows in the absence of data for calibration}},
    year = {2014},
    journal = {Scientific Reports},
    author = {Yang, Yingxiang and Herrera, Carlos and Eagle, Nathan and Gonz{\'{a}}lez, Marta C.},
    number = {1},
    month = {7},
    pages = {1--9},
    volume = {4},
    publisher = {Nature Publishing Group},
    url = {https://www.nature.com/articles/srep05662},
    doi = {10.1038/srep05662},
    issn = {20452322},
    arxivId = {1407.6256},
    keywords = {Applied physics, Statistical physics, Statistics, thermodynamics and nonlinear dynamics}
}

@phdthesis{GimenezdeLaPrada2021LocalMobility,
    title = {{Local Social Exposure and Inter-Neighborhood Mobility}},
    year = {2021},
    booktitle = {Link{\"{o}}ping Studies in Arts and Sciences NV - 809},
    author = {Gim{\'{e}}nez de La Prada, Alex},
    pages = {167},
    url = {http://liu.diva-portal.org/smash/get/diva2:1553491/FULLTEXT01.pdf%0Ahttps://doi.org/10.3384/diss.diva-175573%0Ahttp://liu.diva-portal.org/smash/get/diva2:1553491/PREVIEW01.png%0Ahttp://urn.kb.se/resolve?urn=urn:nbn:se:liu:diva-175573},
    isbn = {9789179296308 (ISBN)},
    keywords = {Ethnic segregation, Sociologi, Sociology, residential mobility, social interdependency}
}

@book{Alonso1964LocationRent,
    title = {{Location and Land Use: Toward a General Theory of Land Rent}},
    year = {1964},
    author = {Alonso, William.},
    month = {12},
    publisher = {Harvard University Press},
    url = {https://www.degruyter.com/document/doi/10.4159/harvard.9780674730854/html},
    address = {Cambridge, MA and London, England},
    isbn = {9780674729568},
    doi = {10.4159/harvard.9780674730854},
    keywords = {costs, ground rent, income, land prices, land use, profits, regions, rent, theory, transport, urban areas}
}

@article{Mweberi2022Micro-insuranceGLM,
    title = {{Micro-insurance Pricing With XGBoost Model Containing Tweedie GLM}},
    year = {2022},
    author = {Mweberi, Pauline Moraa},
    publisher = {University of Nairobi},
    url = {http://erepository.uonbi.ac.ke/handle/11295/164133},
    keywords = {Thesis}
}

@book{Cameron2005Microeconometrics,
    title = {{Microeconometrics}},
    year = {2005},
    author = {Cameron, A Colin and Trivedi, Pravin K},
    month = {5},
    publisher = {Cambridge University Press},
    url = {https://www.cambridge.org/core/product/982158DE989697607C858068ED05C7B1},
    address = {Cambridge},
    isbn = {9780521848053},
    doi = {10.1017/CBO9780511811241}
}

@article{Hofner2014Model-basedMboost,
    title = {{Model-based boosting in R: A hands-on tutorial using the R package mboost}},
    year = {2014},
    journal = {Computational Statistics},
    author = {Hofner, Benjamin and Mayr, Andreas and Robinzonov, Nikolay and Schmid, Matthias},
    number = {1-2},
    month = {2},
    pages = {3--35},
    volume = {29},
    publisher = {Springer},
    url = {https://link.springer.com/article/10.1007/s00180-012-0382-5},
    doi = {10.1007/s00180-012-0382-5},
    issn = {09434062},
    keywords = {Boosting, Component-wise functional gradient descent, Generalized additive models, Tutorial}
}

@article{Fischer2008ModelingUnion,
    title = {{Modeling spatial autocorrelation in spatial interaction data: An application to patent citation data in the european union}},
    year = {2008},
    journal = {Journal of Regional Science},
    author = {Fischer, Manfred M. and Griffith, Daniel A.},
    number = {5},
    month = {12},
    pages = {969--989},
    volume = {48},
    publisher = {John Wiley {\&} Sons, Ltd},
    url = {https://onlinelibrary.wiley.com/doi/10.1111/j.1467-9787.2008.00572.x},
    doi = {10.1111/j.1467-9787.2008.00572.x},
    issn = {00224146}
}

@article{Alonso2017ModellingMadrid,
    title = {{Modelling Land Use and Transport Policies to Measure Their Contribution to Urban Challenges: The Case of Madrid}},
    year = {2017},
    journal = {Sustainability},
    author = {Alonso, Andrea and Monz{\'{o}}n, Andrés and Wang, Yang},
    number = {3},
    month = {3},
    pages = {378},
    volume = {9},
    publisher = {MDPI AG},
    url = {http://www.mdpi.com/2071-1050/9/3/378},
    doi = {10.3390/su9030378},
    issn = {2071-1050},
    keywords = {City challenges, Cordon toll, Land use and transport model, Policy assessment, Re-densification, Teleworking}
}

@book{Ortuzar2011ModellingTransport,
    title = {{Modelling Transport}},
    year = {2011},
    booktitle = {Modelling Transport},
    author = {Ort{\'{u}}zar, Juan de Dios and Willumsen, Luis G.},
    month = {6},
    publisher = {John Wiley and Sons},
    url = {https://onlinelibrary.wiley.com/doi/book/10.1002/9781119993308},
    isbn = {9780470760390},
    doi = {10.1002/9781119993308}
}

@article{Iacono2008,
author = {Iacono, Michael and Levinson, David and El-Geneidy, Ahmed},
doi = {10.1177/0885412207314010},
issn = {08854122},
journal = {Journal of Planning Literature},
keywords = {Gravity model,Land use,Mathematical models,Microsimulation,Transportation planning,Urban growth},
mendeley-groups = {Urban Simulators/Teleworking,Urban Planning,Urban Simulators/pruning cities 02},
month = {may},
number = {4},
pages = {323--340},
publisher = {SAGE PublicationsSage CA: Los Angeles, CA},
title = {{Models of transportation and land use change: A guide to the territory}},
url = {http://journals.sagepub.com/doi/10.1177/0885412207314010},
volume = {22},
year = {2008}
}

@book{Hilbe2011NegativeRegression,
    title = {{Negative Binomial Regression}},
    year = {2011},
    author = {Hilbe, Joseph M},
    edition = {2},
    month = {3},
    publisher = {Cambridge University Press},
    url = {https://www.cambridge.org/core/product/12D6281A46B9A980DC6021080C9419E7},
    address = {Cambridge},
    isbn = {9780521198158},
    doi = {10.1017/CBO9780511973420}
}

@article{Rerat2010NewDebates,
    title = {{New forms of gentrification: issues and debates}},
    year = {2010},
    journal = {Population, Space and Place},
    author = {R{\'{e}}rat, Patrick and S{\"{o}}derstr{\"{o}}m, Ola and Piguet, Etienne},
    number = {5},
    month = {9},
    pages = {335--343},
    volume = {16},
    url = {https://onlinelibrary.wiley.com/doi/10.1002/psp.585},
    doi = {10.1002/psp.585},
    issn = {1544-8444},
    keywords = {Demographic changes, Gentrification, Housing market, New-build gentrification, Public policy, Urban regeneration}
}

@article{Wegener2001NewModels,
    title = {{New spatial planning models}},
    year = {2001},
    journal = {International Journal of Applied Earth Observation and Geoinformation},
    author = {Wegener, Michael},
    number = {3},
    month = {1},
    pages = {224--237},
    volume = {3},
    publisher = {Elsevier},
    url = {https://linkinghub.elsevier.com/retrieve/pii/S0303243401850303},
    doi = {10.1016/S0303-2434(01)85030-3},
    issn = {15698432},
    keywords = {Environmental impact, Geographical information systems, Land-use planning, Monitoring, Planning models, Simulation models, Urban development, Urban planning, Urban transport planning}
}

@article{Moran1950NotesPhenomena.,
    title = {{Notes on continuous stochastic phenomena.}},
    year = {1950},
    journal = {Biometrika},
    author = {Moran, Patrick Alfred Pierce},
    number = {1-2},
    pages = {17--23},
    volume = {37},
    url = {https://www.jstor.org/stable/2332142},
    doi = {10.1093/biomet/37.1-2.17},
    issn = {00063444},
    pmid = {15420245}
}

@article{Axhausen2002ObservingDiary,
    title = {{Observing the rhythms of daily life: A six-week travel diary}},
    year = {2002},
    journal = {Transportation},
    author = {Axhausen, K. W. and Zimmermann, A. and Sch{\"{o}}nfelder, S. and Rindsf{\"{u}}ser, G. and Haupt, T.},
    number = {2},
    month = {5},
    pages = {95--124},
    volume = {29},
    publisher = {Springer},
    url = {https://link.springer.com/article/10.1023/A:1014247822322},
    doi = {10.1023/A:1014247822322},
    issn = {00494488},
    keywords = {Continuous six-week travel diary, Germany, Mobidrive, Rhythm, Survey design, Survey protocol, Travel behaviour}
}

@techreport{Calvet2020ObtencioM2019,
    title = {{Obtenci{\'{o}} de matrius origen-Destinaci{\'{o}} (OD) a partir de dades de telefonia m{\`{o}}bil. M2019}},
    year = {2020},
    author = {Calvet, Francesc and Torre, Marga},
    url = {https://web.archive.org/web/20200829192615/https://territori.gencat.cat/ca/detalls/Article/ATM-Obtencio-de-matrius-origen-destinacio-OD-a-partir-de-dades-de-telefonia-mobil},
    institution = {Autoritat del Transport Metropolit{\`{a}}. Departamento de Territorio y Sostenibilidad. Generalitat de Catalunya.},
    address = {Barcelona}
}

@techreport{Wicki2024OffentlicheInnenverdichtung,
    title = {{{\"{O}}ffentliche Akzeptanz und Politik f{\"{u}}r eine gr{\"{u}}ne und bezahlbare Innenverdichtung}},
    year = {2024},
    author = {Wicki, Michael and Wehr, Malte and Debrunner, Gabriela and Kaufmann, David},
    publisher = {ETH Z{\"{u}}rich, Raumentwicklung und Stadtpolitik (SPUR)},
    institution = {ETH Z{\"{u}}rich},
    doi = {10.3929/ETHZ-B-000658391},
    keywords = {Conjoint, Urban politics (urban studies), public opinion, survey experiment, urban densification}
}

@article{Guzman2014OptimalScheme,
    title = {{Optimal and Long-Term Dynamic Transport Policy Design: Seeking Maximum Social Welfare through a Pricing Scheme}},
    year = {2014},
    journal = {International Journal of Sustainable Transportation},
    author = {Guzman, Luis A. and de la Hoz, Daniel and Monz{\'{o}}n, Andrés},
    number = {4},
    month = {7},
    pages = {297--316},
    volume = {8},
    publisher = {Taylor {\&} Francis Group},
    url = {http://www.tandfonline.com/doi/abs/10.1080/15568318.2012.696772},
    doi = {10.1080/15568318.2012.696772},
    issn = {15568318},
    keywords = {CBA approach, policy optimization, sustainable transportation, urban transport policy}
}

@inproceedings{Akiba2019Optuna:Framework,
    title = {{Optuna: A Next-generation Hyperparameter Optimization Framework}},
    year = {2019},
    booktitle = {Proceedings of the ACM SIGKDD International Conference on Knowledge Discovery and Data Mining},
    author = {Akiba, Takuya and Sano, Shotaro and Yanase, Toshihiko and Ohta, Takeru and Koyama, Masanori},
    month = {7},
    pages = {2623--2631},
    publisher = {Association for Computing Machinery},
    url = {https://dl.acm.org/doi/10.1145/3292500.3330701},
    isbn = {9781450362016},
    doi = {10.1145/3292500.3330701},
    arxivId = {1907.10902},
    keywords = {Bayesian optimization, Black-box optimization, Hyperparameter optimization, Machine learning system}
}

@inproceedings{Koca2021Origin-destinationStudy,
    title = {{Origin-destination matrix estimation by deep learning using maps with New York case study}},
    year = {2021},
    booktitle = {2021 7th International Conference on Models and Technologies for Intelligent Transportation Systems, MT-ITS 2021},
    author = {Koca, Danyel and Schm{\"{o}}cker, Jan Dirk and Fukuda, Kouji},
    url = {https://www1.nyc.gov/site/},
    isbn = {9781728189956},
    doi = {10.1109/MT-ITS49943.2021.9529275},
    keywords = {Deep learning, Map, OD matrix estimation, Open source, OpenStreetMap, POI, Taxi traffic prediction}
}

@article{Rong2018Origin-DestinationGAN,
    title = {{Origin-Destination Network Generation via Gravity-Guided GAN}},
    year = {2018},
    journal = {Proceedings of Make sure to enter the correct conference title from your rights confirmation emai (Conference acronym 'XX)},
    author = {Rong, Can and Wang, Huandong and Li, Yong},
    volume = {1},
    url = {https://doi.org/},
    doi = {XXXXXXX.XXXXXXX},
    arxivId = {2306.03390v1},
    keywords = {Urban Computing, generative adversarial networks, origin-destination, physics-guided machine learning}
}

@article{Rodriguez-Rueda2021OriginDestinationModel,
    title = {{Origin–Destination Matrix Estimation and Prediction from Socioeconomic Variables Using Automatic Feature Selection Procedure-Based Machine Learning Model}},
    year = {2021},
    journal = {Journal of Urban Planning and Development},
    author = {Rodr{\'{i}}guez-Rueda, P. J. and Ruiz-Aguilar, J. J. and Gonz{\'{a}}lez-Enrique, J. and Turias, I.},
    number = {4},
    month = {12},
    volume = {147},
    publisher = {American Society of Civil Engineers (ASCE)},
    url = {https://ascelibrary.org/doi/10.1061/%28ASCE%29UP.1943-5444.0000763},
    doi = {10.1061/(ASCE)UP.1943-5444.0000763},
    issn = {0733-9488},
    keywords = {Artificial neural networks, Author keywords: Origin-destination (OD) matrix, Feature selection, Machine learning, Support vector machines, Urban transport planning}
}

@article{Boeing2017OSMnx:Networks,
    title = {{OSMnx: New methods for acquiring, constructing, analyzing, and visualizing complex street networks}},
    year = {2017},
    journal = {Computers, Environment and Urban Systems},
    author = {Boeing, Geoff},
    month = {9},
    pages = {126--139},
    volume = {65},
    publisher = {Elsevier Ltd},
    doi = {10.1016/j.compenvurbsys.2017.05.004},
    issn = {01989715},
    keywords = {Complex networks, GIS, OpenStreetMap, Python, Resilience, Street network, Transportation, Urban design, Urban form, Visualization}
}

@article{Cervero1997ParadigmPlanning,
    title = {{Paradigm shift: from automobility to accessibility planning}},
    year = {1997},
    journal = {Urban Futures: Issues for Australian cities},
    author = {Cervero, Robert},
    number = {Issue 22},
    pages = {9--20},
    url = {https://search.informit.org/doi/epdf/10.3316/ielapa.980100546}
}

@techreport{Krasniqi2022ParametricFrequency,
    title = {{Parametric and XGBoost Hurdle Model for estimating accident frequency}},
    year = {2022},
    author = {Krasniqi, Dafnis and Bardet, Jean-Marc and Rynkiewicz, Joseph},
    url = {https://hal.science/hal-03739838},
    keywords = {GLM, Hurdle Model, Insurance pricing, XGBoost algorithm}
}

@article{Geertman2012PlanningScience,
    title = {{Planning Support Systems in Practice Advances in Spatial Science}},
    year = {2012},
    author = {Geertman, Stan and Stillwell, John},
    editor = {Geertman, Stan and Stillwell, John},
    number = {January 2003},
    pages = {580},
    series = {Advances in Spatial Science},
    publisher = {Springer Berlin Heidelberg},
    url = {http://link.springer.com/10.1007/978-3-540-24795-1},
    address = {Berlin, Heidelberg},
    isbn = {978-3-642-07834-7},
    doi = {10.1007/978-3-540-24795-1},
    pmid = {12895747}
}

@article{Schimohr2023PredictionAlgorithm,
    title = {{Prediction of Bike‐sharing Trip Counts: Comparing Parametric Spatial Regression Models to a Geographically Weighted XGBoost Algorithm}},
    year = {2023},
    journal = {Geographical Analysis},
    author = {Schimohr, Katja and Doebler, Philipp and Scheiner, Joachim},
    number = {4},
    month = {10},
    pages = {651--684},
    volume = {55},
    publisher = {John Wiley {\&} Sons, Ltd},
    url = {https://onlinelibrary.wiley.com/doi/10.1111/gean.12354},
    doi = {10.1111/gean.12354},
    issn = {0016-7363}
}

@book{Carey1859PrinciplesScience,
    title = {{Principles of Social Science}},
    year = {1859},
    author = {Carey, H C},
    number = {v. 3},
    series = {Principles of Social Science},
    publisher = {Lippincott},
    url = {https://books.google.ch/books?id=epdTAAAAcAAJ}
}

@article{Schuessler2009ProcessingInformation,
    title = {{Processing Raw Data from Global Positioning Systems without Additional Information}},
    year = {2009},
    journal = {Transportation Research Record: Journal of the Transportation Research Board},
    author = {Schuessler, Nadine and Axhausen, Kay W.},
    number = {1},
    month = {1},
    pages = {28--36},
    volume = {2105},
    publisher = {SAGE PublicationsSage CA: Los Angeles, CA},
    url = {https://journals.sagepub.com/doi/10.3141/2105-04},
    doi = {10.3141/2105-04},
    issn = {0361-1981}
}

@article{Block1959RandomResponse,
    title = {{Random Orderings and Stochastic Theories of Response}},
    year = {1959},
    journal = {Cowles Foundation Discussion Papers},
    author = {Block, H D and Marschak, Jacob},
    number = {289},
    url = {https://elischolar.library.yale.edu/cowles-discussion-paper-series}
}

@article{Bettencourt2024RecentTwins,
    title = {{Recent achievements and conceptual challenges for urban digital twins}},
    year = {2024},
    journal = {Nature Computational Science 2024 4:3},
    author = {Bettencourt, Luís M.A.},
    number = {3},
    month = {3},
    pages = {150--153},
    volume = {4},
    publisher = {Nature Publishing Group},
    url = {https://www.nature.com/articles/s43588-024-00604-9},
    doi = {10.1038/s43588-024-00604-9},
    issn = {2662-8457},
    keywords = {Computational science, Geography}
}

@article{Spadon2019ReconstructingIndicators,
    title = {{Reconstructing commuters network using machine learning and urban indicators}},
    year = {2019},
    journal = {Scientific Reports},
    author = {Spadon, Gabriel and de Carvalho, Andre C.P.L.F. and Rodrigues-Jr, Jose F. and Alves, Luiz G.A.},
    number = {1},
    month = {8},
    pages = {1--13},
    volume = {9},
    publisher = {Nature Publishing Group},
    url = {https://www.nature.com/articles/s41598-019-48295-x},
    doi = {10.1038/s41598-019-48295-x},
    issn = {20452322},
    pmid = {31409862},
    arxivId = {1908.03512},
    keywords = {Complex networks, Computer science}
}

@book{Cameron2013RegressionData,
    title = {{Regression Analysis of Count Data}},
    year = {2013},
    booktitle = {Econometric Society Monographs},
    author = {Cameron, A Colin and Trivedi, Pravin K},
    edition = {2},
    month = {5},
    publisher = {Cambridge University Press},
    url = {https://www.cambridge.org/core/product/2AB83B406C5798030F7C91ECC99B1BE4},
    address = {Cambridge},
    isbn = {9781107667273},
    doi = {10.1017/CBO9781139013567}
}

@article{Lee1973RequiemModels,
    title = {{Requiem for Large-Scale Models}},
    year = {1973},
    journal = {Journal of the American Planning Association},
    author = {Lee, Douglass B.},
    number = {3},
    pages = {163--178},
    volume = {39},
    publisher = {Taylor {\&} Francis Group},
    url = {https://www.tandfonline.com/action/journalInformation?journalCode=rjpa20},
    doi = {10.1080/01944367308977851},
    issn = {01944363}
}

@article{Caceres2008ReviewNetworks,
    title = {{Review of traffic data estimations extracted from cellular networks}},
    year = {2008},
    author = {Caceres, N and Wideberg, J P and Benitez, F G},
    url = {www.ietdl.org},
    doi = {10.1049/iet-its:20080003}
}

@article{Friedrich2019ScalableValidation,
    title = {{Scalable GEH: A Quality Measure for Comparing Observed and Modeled Single Values in a Travel Demand Model Validation}},
    year = {2019},
    journal = {Transportation Research Record},
    author = {Friedrich, Markus and Pestel, Eric and Schiller, Christian and Simon, Robert},
    number = {4},
    month = {3},
    pages = {722--732},
    volume = {2673},
    publisher = {SAGE PublicationsSage CA: Los Angeles, CA},
    url = {https://journals.sagepub.com/doi/10.1177/0361198119838849},
    doi = {10.1177/0361198119838849},
    issn = {21694052}
}

@misc{MinisteriodeHacienda.GobiernodeEspanaSedeInicio,
    title = {{Sede Electr{\'{o}}nica del Catastro - Inicio}},
    author = {{Ministerio de Hacienda. Gobierno de Espa{\~{n}}a}},
    url = {https://www.sedecatastro.gob.es/}
}

@article{Batty2012SmartFuture,
    title = {{Smart cities of the future}},
    year = {2012},
    journal = {European Physical Journal: Special Topics},
    author = {Batty, M. and Axhausen, K. W. and Giannotti, F. and Pozdnoukhov, A. and Bazzani, A. and Wachowicz, M. and Ouzounis, G. and Portugali, Y.},
    number = {1},
    month = {12},
    pages = {481--518},
    volume = {214},
    publisher = {Springer},
    url = {https://link.springer.com/article/10.1140/epjst/e2012-01703-3},
    doi = {10.1140/epjst/e2012-01703-3},
    issn = {19516355},
    keywords = {Atomic, Classical and Continuum Physics, Condensed Matter Physics, Materials Science, Measurement Science and Instrumentation, Molecular, Optical and Plasma Physics, Physics, general}
}

@article{Wustenhagen2007SocialConcept,
    title = {{Social acceptance of renewable energy innovation: An introduction to the concept}},
    year = {2007},
    journal = {Energy Policy},
    author = {W{\"{u}}stenhagen, Rolf and Wolsink, Maarten and B{\"{u}}rer, Mary Jean},
    number = {5},
    month = {5},
    pages = {2683--2691},
    volume = {35},
    publisher = {Elsevier},
    doi = {10.1016/j.enpol.2006.12.001},
    issn = {03014215},
    keywords = {Diffusion of innovation, Social acceptance, Wind energy}
}

@incollection{Griffith2020SomeModels,
    title = {{Some Guidelines for Specifying the Geographic Weights Matrix Contained in Spatial Statistical Models}},
    year = {2020},
    booktitle = {PRACTICAL HANDBOOK of Spatial Statistics},
    author = {Griffith, Daniel A.},
    month = {8},
    pages = {65--82},
    publisher = {CRC Press},
    url = {https://www.taylorfrancis.com/books/9781000102017/chapters/10.1201/9781003067689-4},
    isbn = {9781003067689},
    doi = {10.1201/9781003067689-4}
}

@article{Wilson1975SomeReview,
    title = {{Some new forms of spatial interaction model: A review}},
    year = {1975},
    journal = {Transportation Research},
    author = {Wilson, A. G.},
    number = {2-3},
    month = {7},
    pages = {167--179},
    volume = {9},
    publisher = {Pergamon},
    doi = {10.1016/0041-1647(75)90054-4},
    issn = {00411647}
}

@article{Cragg1971SomeGoods,
    title = {{Some Statistical Models for Limited Dependent Variables with Application to the Demand for Durable Goods}},
    year = {1971},
    journal = {Econometrica},
    author = {Cragg, John G},
    number = {5},
    month = {9},
    pages = {829},
    volume = {39},
    url = {https://www.jstor.org/stable/1909582?origin=crossref},
    doi = {10.2307/1909582},
    issn = {00129682}
}

@article{Cai2022SpatialFlow,
    title = {{Spatial Attention Based Grid Representation Learning For Predicting Origin-Destination Flow}},
    year = {2022},
    journal = {Proceedings - 2022 IEEE International Conference on Big Data, Big Data 2022},
    author = {Cai, Mingfei and Pang, Yanbo and Sekimoto, Yoshihide},
    pages = {485--494},
    publisher = {IEEE},
    isbn = {9781665480451},
    doi = {10.1109/BigData55660.2022.10021023},
    keywords = {OD flow, graph attention network, grid embedding}
}

@article{Margaretic2017SpatialFlows,
    title = {{Spatial dependence in (origin-destination) air passenger flows}},
    year = {2017},
    journal = {Papers in Regional Science},
    author = {Margaretic, Paula and Thomas-Agnan, Christine and Doucet, Romain},
    number = {2},
    month = {6},
    pages = {357--380},
    volume = {96},
    publisher = {Elsevier},
    doi = {10.1111/pirs.12189},
    issn = {14355957},
    keywords = {Spatial dependence, air passenger flows, eigenfunction spatial filtering, network effects, spatial econometric origin-destination flow model}
}

@incollection{LeSage2010SpatialFlows,
    title = {{Spatial Econometric Methods for Modeling Origin-Destination Flows}},
    year = {2010},
    booktitle = {Handbook of Applied Spatial Analysis},
    author = {LeSage, James P. and Fischer, Manfred M.},
    pages = {409--433},
    publisher = {Springer, Berlin, Heidelberg},
    url = {https://link.springer.com/chapter/10.1007/978-3-642-03647-7_20},
    isbn = {978-3-642-03647-7},
    doi = {10.1007/978-3-642-03647-7{\_}20}
}

@article{LeSage2008SpatialFlows,
    title = {{Spatial econometric modeling of origin-destination flows}},
    year = {2008},
    journal = {Journal of Regional Science},
    author = {LeSage, James P. and Pace, R. Kelley},
    number = {5},
    month = {12},
    pages = {941--967},
    volume = {48},
    publisher = {John Wiley {\&} Sons, Ltd},
    url = {https://onlinelibrary.wiley.com/doi/10.1111/j.1467-9787.2008.00573.x},
    doi = {10.1111/j.1467-9787.2008.00573.x},
    issn = {00224146}
}

@incollection{Thomas-Agnan2021SpatialModels,
    title = {{Spatial Econometric OD-Flow Models}},
    year = {2021},
    booktitle = {Handbook of Regional Science: Second and Extended Edition: With 238 Figures and 78 Tables},
    author = {Thomas-Agnan, Christine and LeSage, James P.},
    pages = {2179--2199},
    url = {https://doi.org/10.1007/978-3-662-60723-7_87},
    isbn = {9783662607237},
    doi = {10.1007/978-3-662-60723-7{\_}87},
    keywords = {Destination region, Gravity model, Network effect, Spatial dependence, Spatial weight matrix}
}

@article{LeSage2014SpatialApproach,
    title = {{Spatial econometric panel data model specification: A Bayesian approach}},
    year = {2014},
    journal = {Spatial Statistics},
    author = {LeSage, James P.},
    number = {C},
    month = {8},
    pages = {122--145},
    volume = {9},
    publisher = {Elsevier},
    doi = {10.1016/j.spasta.2014.02.002},
    issn = {22116753},
    keywords = {Bayes factors, Local versus global spatial spillovers, Static space-time panel data models}
}

@book{Elhorst2014SpatialEconometrics,
    title = {{Spatial Econometrics}},
    year = {2014},
    author = {Elhorst, J Paul},
    series = {SpringerBriefs in Regional Science},
    publisher = {Springer Berlin Heidelberg},
    url = {https://link.springer.com/10.1007/978-3-642-40340-8},
    address = {Berlin, Heidelberg},
    isbn = {978-3-642-40339-2},
    doi = {10.1007/978-3-642-40340-8}
}

@book{Anselin1988SpatialModels,
    title = {{Spatial Econometrics: Methods and Models}},
    year = {1988},
    author = {Anselin, Luc},
    series = {Studies in Operational Regional Science},
    volume = {4},
    publisher = {Springer Netherlands},
    url = {http://link.springer.com/10.1007/978-94-015-7799-1},
    address = {Dordrecht},
    isbn = {978-90-481-8311-1},
    doi = {10.1007/978-94-015-7799-1}
}

@article{Hayes1971SpatialInteraction,
    title = {{Spatial interaction}},
    year = {1971},
    journal = {Socio-Economic Planning Sciences},
    author = {Hayes, M. Cordey and Wilson, A. G.},
    number = {1},
    month = {2},
    pages = {73--95},
    volume = {5},
    publisher = {Pergamon},
    doi = {10.1016/0038-0121(71)90042-5},
    issn = {00380121}
}

@book{Fotheringham1989SpatialApplications,
    title = {{Spatial interaction models : formulations and applications}},
    year = {1989},
    author = {Fotheringham, A. Stewart and O'Kelly, Morton E.},
    publisher = {Kluwer Academic Publishers},
    address = {Dordrecht},
    isbn = {0-7923-0021-1}
}

@phdthesis{Schatzmann2017SpatialMatrices,
    title = {{Spatial modelling of origin-destination commuting flows with endogenous weighting matrices}},
    year = {2017},
    author = {Schatzmann, Thomas},
    url = {https://ethz.ch/content/dam/ethz/special-interest/baug/ivt/ivt-dam/publications/students/501-600/sa593.pdf},
    school = {ETH Zurich},
    keywords = {commuting flows, spatial autoregressive regression}
}

@article{Wegener2000SpatialGIS,
    title = {{Spatial models and GIS}},
    year = {2000},
    journal = {Spatial models and GIS: New potential and new models},
    author = {Wegener, Michael},
    pages = {3--20},
    volume = {7},
    publisher = {Taylor and Francis London}
}

@article{Credit2022SpatialAngeles,
    title = {{Spatial Models or Random Forest? Evaluating the Use of Spatially Explicit Machine Learning Methods to Predict Employment Density around New Transit Stations in Los Angeles}},
    year = {2022},
    journal = {Geographical Analysis},
    author = {Credit, Kevin},
    number = {1},
    month = {1},
    pages = {58--83},
    volume = {54},
    publisher = {John Wiley {\&} Sons, Ltd},
    doi = {10.1111/gean.12273},
    issn = {15384632}
}

@article{Yao2021SpatialNetworks,
    title = {{Spatial Origin-Destination Flow Imputation Using Graph Convolutional Networks}},
    year = {2021},
    journal = {IEEE Transactions on Intelligent Transportation Systems},
    author = {Yao, Xin and Gao, Yong and Zhu, Di and Manley, Ed and Wang, Jiaoe and Liu, Yu},
    number = {12},
    month = {12},
    pages = {7474--7484},
    volume = {22},
    publisher = {Institute of Electrical and Electronics Engineers Inc.},
    doi = {10.1109/TITS.2020.3003310},
    issn = {15580016},
    keywords = {Origin-destination flow, data imputation, graph convolution, graph embedding, spatial interaction network}
}

@article{Yao2021SpatialNetworksb,
    title = {{Spatial Origin-Destination Flow Imputation Using Graph Convolutional Networks}},
    year = {2021},
    journal = {IEEE Transactions on Intelligent Transportation Systems},
    author = {Yao, Xin and Gao, Yong and Zhu, Di and Manley, Ed and Wang, Jiaoe and Liu, Yu},
    number = {12},
    month = {12},
    pages = {7474--7484},
    volume = {22},
    publisher = {Institute of Electrical and Electronics Engineers Inc.},
    doi = {10.1109/TITS.2020.3003310},
    issn = {15580016},
    keywords = {Origin-destination flow, data imputation, graph convolution, graph embedding, spatial interaction network}
}

@article{Elhorst2017SpatialAnalysis,
    title = {{Spatial Panel Data Analysis}},
    year = {2017},
    author = {Elhorst, J Paul},
    pages = {2050--2058},
    publisher = {Springer International Publishing},
    url = {www.regroningen.nl/elhorst.}
}

@article{Mullahy1986SpecificationModels,
    title = {{Specification and testing of some modified count data models}},
    year = {1986},
    journal = {Journal of Econometrics},
    author = {Mullahy, John},
    number = {3},
    month = {12},
    pages = {341--365},
    volume = {33},
    publisher = {North-Holland},
    doi = {10.1016/0304-4076(86)90002-3},
    issn = {0304-4076}
}

@inproceedings{Ramesh2021Station-levelSystem,
    title = {{Station-level Demand Prediction for Bike-Sharing System}},
    year = {2021},
    booktitle = {2021 IEEE 11th Annual Computing and Communication Workshop and Conference, CCWC 2021},
    author = {Ramesh, Arthi Akilandesvari and Nagisetti, Sai Pavani and Sridhar, Nikhil and Avery, Kenytt and Bein, Doina},
    month = {1},
    pages = {916--921},
    publisher = {Institute of Electrical and Electronics Engineers Inc.},
    isbn = {9780738143941},
    doi = {10.1109/CCWC51732.2021.9375958},
    keywords = {Bike demand prediction, Bike share, Machine learning, Real-time demand-supply tracking system, Web UI}
}

@techreport{InternationalTransportationForum2022StreetsCities,
    title = {{Streets That Fit: Re-allocating Space for Better Cities}},
    year = {2022},
    author = {{International Transportation Forum}},
    institution = {OECD},
    address = {Paris},
    keywords = {Espagne, Pontevedra}
}

@book{Newman1998SustainabilityDependence,
    title = {{Sustainability and cities: overcoming automobile dependence}},
    year = {1998},
    author = {Newman, Peter and Kenworthy, Jeffrey},
    publisher = {Island Press},
    isbn = {978-1559636605}
}

@article{Lenormand2016SystematicModels,
    title = {{Systematic comparison of trip distribution laws and models}},
    year = {2016},
    journal = {Journal of Transport Geography},
    author = {Lenormand, Maxime and Bassolas, Aleix and Ramasco, José J.},
    month = {2},
    pages = {158--169},
    volume = {51},
    publisher = {Pergamon},
    doi = {10.1016/j.jtrangeo.2015.12.008},
    issn = {09666923},
    arxivId = {1506.04889},
    keywords = {Commuting networks, Gravity law, Intervening opportunities law, Radiation law, Trip distribution}
}

@book{Bernardino1996Telecommuting:Process,
    title = {{Telecommuting: Modelling the Employer's and the Employee's Decision-Making Process}},
    year = {1996},
    author = {Bernardino, Adriana},
    pages = {186},
    publisher = {Routledge},
    url = {https://www.taylorfrancis.com/books/9781351971973},
    address = {London},
    isbn = {9781315267074},
    doi = {10.4324/9781315267074}
}

@article{Camocini2011TeleworkingWorkplace,
    title = {{Teleworking and the adaptive reuse of urban interiors: The fragmentation and re-concentration of the workplace}},
    year = {2011},
    journal = {Design Principles and Practices},
    author = {Camocini, Barbara},
    number = {5},
    pages = {29--35},
    volume = {5},
    doi = {10.18848/1833-1874/cgp/v05i05/38163},
    issn = {18331874},
    keywords = {Adaptive reuse, Home based business, Hot-desking, Office hoteling, Small office home office, Teleworking, Urban interiors, Workspace}
}

@article{Ferre-Bigorra2022TheTwins,
    title = {{The adoption of urban digital twins}},
    year = {2022},
    journal = {Cities},
    author = {Ferr{\'{e}}-Bigorra, Jaume and Casals, Miquel and Gangolells, Marta},
    month = {12},
    pages = {103905},
    volume = {131},
    publisher = {Pergamon},
    doi = {10.1016/j.cities.2022.103905},
    issn = {02642751},
    keywords = {Built environment, Digital twin, Smart city, Urban infrastructure, Urban management, Urban planning}
}

@misc{Neuman2005TheFallacy,
    title = {{The compact city fallacy}},
    year = {2005},
    booktitle = {Journal of Planning Education and Research},
    author = {Neuman, Michael},
    number = {1},
    month = {9},
    pages = {11--26},
    volume = {25},
    publisher = {Sage PublicationsSage CA: Thousand Oaks, CA},
    url = {https://journals.sagepub.com/doi/10.1177/0739456X04270466},
    doi = {10.1177/0739456X04270466},
    issn = {0739456X},
    keywords = {Compact city, Sustainability theory, Urban form, Urban planning, Urban sprawl}
}

@techreport{Chapple2023TheCities,
    title = {{The Death of Downtown? Pandemic Recovery Trajectories across 62 North American Cities}},
    year = {2023},
    author = {Chapple, Karen and Moore, Hannah and Leong, Michael and Huang, Daniel and Forouhar, Amir and Schmahmann, Laura and Wang, Joy and Allen, Jeff},
    pages = {1--11},
    url = {https://downtownrecovery.com/},
    institution = {School of Cities, University of Toronto. Institute of Governmental Studies, University of California, Berkeley}
}

@article{Elhorst2022TheBar,
    title = {{The dynamic general nesting spatial econometric model for spatial panels with common factors: Further raising the bar}},
    year = {2022},
    journal = {Review of Regional Research},
    author = {Elhorst, J. Paul},
    number = {3},
    month = {12},
    pages = {249--267},
    volume = {42},
    publisher = {Springer Science and Business Media Deutschland GmbH},
    url = {https://link.springer.com/10.1007/s10037-021-00163-w},
    doi = {10.1007/s10037-021-00163-w},
    issn = {0173-7600},
    keywords = {Common factors, Dynamic effects, Estimation, Spatial panels, Spatial spillovers}
}

@article{Kahn2000TheSuburbanization,
    title = {{The environmental impact of suburbanization}},
    year = {2000},
    journal = {Journal of Policy Analysis and Management},
    author = {Kahn, Matthew E},
    number = {4},
    pages = {569--586},
    volume = {19},
    url = {https://onlinelibrary.wiley.com/doi/10.1002/1520-6688},
    doi = {10.1002/1520-6688(200023)19:4<569::AID-PAM3>3.0.CO;2-P},
    issn = {02768739}
}

@article{Zografos2020,
    title = {{The everyday politics of urban transformational adaptation: Struggles for authority and the Barcelona superblock project}},
    year = {2020},
    journal = {Cities},
    author = {Zografos, Christos and Klause, Kai A. and Connolly, James J.T. and Anguelovski, Isabelle},
    month = {4},
    pages = {102613},
    volume = {99},
    publisher = {Elsevier Ltd},
    doi = {10.1016/j.cities.2020.102613},
    issn = {02642751},
    keywords = {Authority, Climate change governance, Competitive urbanism, Mobility planning, Superblock, Transformational adaptation}
}

@incollection{McNally2007TheModel,
    title = {{The Four-Step Model}},
    year = {2007},
    booktitle = {Handbook of transport modelling, vol. 1},
    author = {McNally, Michael G.},
    editor = {Hensher, D.A. and Button, K.J.},
    chapter = {3},
    month = {9},
    pages = {35--53},
    publisher = {Emerald Group Publishing Limited},
    url = {https://www.emerald.com/insight/content/doi/10.1108/9780857245670-003/full/html},
    address = {Leeds},
    doi = {10.1108/9780857245670-003}
}

@book{Erlander1990TheExtensions,
    title = {{The gravity model in transportation analysis: theory and extensions}},
    year = {1990},
    author = {Erlander, Sven and Stewart, Neil F},
    volume = {3},
    publisher = {Vsp},
    isbn = {9067640891}
}

@inproceedings{Ravenstein1885TheMigration,
    title = {{The laws of migration}},
    year = {1885},
    author = {Ravenstein, Ernest George},
    publisher = {Royal Statistical Society}
}

@article{McFadden1974TheDemand,
    title = {{The measurement of urban travel demand}},
    year = {1974},
    journal = {Journal of Public Economics},
    author = {McFadden, Daniel},
    number = {4},
    month = {11},
    pages = {303--328},
    volume = {3},
    publisher = {North-Holland},
    doi = {10.1016/0047-2727(74)90003-6},
    issn = {0047-2727}
}

@misc{TheAtlantic,
    title = {{The Next Crisis Will Start With Empty Office Buildings - The Atlantic}},
    url = {https://www.theatlantic.com/ideas/archive/2023/06/commercial-real-estate-crisis-empty-offices/674310/}
}

@techreport{2023The2023,
    title = {{The Office Property Telescope. Investment {\&} Financing key. Spain 2023}},
    year = {2023},
    url = {https://assets.ey.com/content/dam/ey-sites/ey-com/es_es/topics/strategy-and-transactions/ey-the-office-property-telescope-spain-jul-2023.pdf?mkt_tok=NTIwLVJYUC0wMDMAAAGNApJdGMBgYpH-YWL_XVGKCcquASVQ-oSoOduDgTW4yARWf2nQ7aobeioEl019UBK8-NUJe_HEomPxdb0n3r2Tsu},
    institution = {EY}
}

@article{Zipf1946ThePersons,
    title = {{The P1 P2/D Hypothesis: On the Intercity Movement of Persons}},
    year = {1946},
    journal = {American Sociological Review},
    author = {Zipf, George Kingsley},
    number = {6},
    month = {12},
    pages = {677},
    volume = {11},
    publisher = {American Sociological Review},
    url = {http://www.jstor.org/stable/2087063?origin=crossref},
    doi = {10.2307/2087063},
    issn = {00031224}
}

@article{HalleckVega2015TheModel,
    title = {{The SLX model}},
    year = {2015},
    journal = {Journal of Regional Science},
    author = {Halleck Vega, Solmaria and Elhorst, J Paul},
    number = {3},
    month = {6},
    pages = {339--363},
    volume = {55},
    url = {https://doi.org/10.1111/jors.12188},
    doi = {10.1111/jors.12188},
    issn = {14679787}
}

@article{Tiefelsdorf1995TheProcedure,
    title = {{The specification of constrained interaction models using the SPSS loglinear procedure}},
    year = {1995},
    journal = {Geographical Systems},
    author = {Tiefelsdorf, Michael and Boots, Barry},
    pages = {21--38},
    volume = {2}
}

@article{Banister2008TheParadigm,
    title = {{The sustainable mobility paradigm}},
    year = {2008},
    journal = {Transport Policy},
    author = {Banister, David},
    number = {2},
    month = {3},
    pages = {73--80},
    volume = {15},
    publisher = {Pergamon},
    doi = {10.1016/j.tranpol.2007.10.005},
    issn = {0967070X},
    keywords = {Acceptability, Behaviour, Engagement, Participation}
}

@article{Rodriguez-Rey2022ToQuality,
    title = {{To what extent the traffic restriction policies applied in Barcelona city can improve its air quality?}},
    year = {2022},
    journal = {Science of The Total Environment},
    author = {Rodriguez-Rey, Daniel and Guevara, Marc and Linares, Mª Paz and Casanovas, Josep and Armengol, Jan M. and Benavides, Jaime and Soret, Albert and Jorba, Oriol and Tena, Carles and Garc{\'{i}}a-Pando, Carlos Pérez},
    month = {2},
    pages = {150743},
    volume = {807},
    publisher = {Elsevier},
    url = {https://linkinghub.elsevier.com/retrieve/pii/S0048969721058216},
    doi = {10.1016/j.scitotenv.2021.150743},
    issn = {00489697},
    pmid = {34634347},
    keywords = {Barcelona, Multi-scale air quality modelling, Traffic management strategies, Traffic simulation, Vehicle emissions}
}

@misc{ToblercontributorsToblerManual,
    title = {{Tobler — tobler v0.1.dev1+g185123f Manual}},
    author = {{Tobler contributors}},
    url = {https://pysal.org/tobler/}
}

@article{Porojan2001TradeRevisited,
    title = {{Trade flows and spatial effects: The gravity model revisited}},
    year = {2001},
    journal = {Open Economies Review},
    author = {Porojan, A.},
    number = {3},
    pages = {265--280},
    volume = {12},
    publisher = {Springer},
    url = {https://link.springer.com/article/10.1023/A:1011129422190},
    doi = {10.1023/A:1011129422190},
    issn = {09237992},
    keywords = {Gravity model, Spatial econometrics, Trade forecasting}
}

@techreport{Dowling2004TrafficSoftware,
    title = {{Traffic Analysis Toolbox Volume III: Guidelines for Applying Traffic Microsimulation Modeling Software}},
    year = {2004},
    author = {Dowling, Richard and Skabardonis, Alexander and Alexiadis, Vassili},
    url = {https://ops.fhwa.dot.gov/trafficanalysistools/tat_vol3/Vol3_Guidelines.pdf},
    institution = {US Department of Transportation. Federal Highway Administration},
    address = {Washington D.C., USA}
}

@article{Pourebrahim2019TripData,
    title = {{Trip distribution modeling with Twitter data}},
    year = {2019},
    journal = {Computers, Environment and Urban Systems},
    author = {Pourebrahim, Nastaran and Sultana, Selima and Niakanlahiji, Amirreza and Thill, Jean Claude},
    month = {9},
    pages = {101354},
    volume = {77},
    publisher = {Pergamon},
    doi = {10.1016/J.COMPENVURBSYS.2019.101354},
    issn = {0198-9715},
    keywords = {Artificial neural networks, Machine learning, Random forests, Social media, Travel demand modeling, Twitter, Volunteered geographic information}
}

@article{Zhou2020TweedieData,
    title = {{Tweedie gradient boosting for extremely unbalanced zero-inflated data}},
    year = {2020},
    journal = {Communications in Statistics: Simulation and Computation},
    author = {Zhou, He and Qian, Wei and Yang, Yi},
    pages = {1--23},
    publisher = {Taylor {\&} Francis},
    url = {https://www.tandfonline.com/doi/abs/10.1080/03610918.2020.1772302},
    doi = {10.1080/03610918.2020.1772302},
    issn = {15324141},
    arxivId = {1811.10192},
    keywords = {Claim frequency and severity, EM algorithm, Zero-inflated insurance claims data, gradient boosting}
}

@article{Jayarajah2018UnderstandingPlanning,
    title = {{Understanding the interdependency of land use and mobility for urban planning}},
    year = {2018},
    journal = {UbiComp/ISWC 2018 - Adjunct Proceedings of the 2018 ACM International Joint Conference on Pervasive and Ubiquitous Computing and Proceedings of the 2018 ACM International Symposium on Wearable Computers},
    author = {Jayarajah, Kasthuri and Tan, Andrew and Misra, Archan},
    month = {10},
    pages = {1079--1087},
    publisher = {Association for Computing Machinery, Inc},
    url = {https://dl.acm.org/doi/10.1145/3267305.3274163},
    isbn = {9781450359665},
    doi = {10.1145/3267305.3274163},
    keywords = {Clustering, Land use, Prediction, Urban computing, Urban mobility}
}

@article{Bramley2009UrbanType,
    title = {{Urban form and social sustainability: The role of density and housing type}},
    year = {2009},
    journal = {Environment and Planning B: Planning and Design},
    author = {Bramley, Glen and Power, Sinéad},
    number = {1},
    month = {1},
    pages = {30--48},
    volume = {36},
    publisher = {SAGE PublicationsSage UK: London, England},
    url = {https://journals.sagepub.com/doi/abs/10.1068/b33129},
    doi = {10.1068/b33129},
    issn = {14723417}
}

@book{Domencich1975UrbanAnalysis,
    title = {{Urban travel demand-a behavioral analysis}},
    year = {1975},
    author = {Domencich, Thomas A and McFadden, Daniel},
    publisher = {American Elsevier},
    address = {Amsterdam, New York},
    isbn = {0444108300}
}

@article{Waddell2002Urbansim:Planning,
    title = {{Urbansim: Modeling urban development for land use, transportation, and environmental planning}},
    year = {2002},
    journal = {Journal of the American Planning Association},
    author = {Waddell, Paul},
    number = {3},
    pages = {297--314},
    volume = {68},
    publisher = {Paul Waddell},
    url = {https://www.tandfonline.com/action/journalInformation?journalCode=rjpa20},
    doi = {10.1080/01944360208976274},
    issn = {01944363}
}

@article{Koenig1996UsingProject,
    title = {{Using Travel Diary Data to Estimate the Emissions Impacts of Transportation Strategies: The Puget Sound Telecommuting Demonstration Project}},
    year = {1996},
    journal = {Journal of the Air and Waste Management Association},
    author = {Koenig, Brett E. and Mokhtarian, Patricia L. and Henderson, Dennis K.},
    number = {1},
    month = {1},
    pages = {47--57},
    volume = {46},
    publisher = { Taylor {\&} Francis Group },
    url = {https://www.tandfonline.com/action/journalInformation?journalCode=uawm20},
    doi = {10.1080/10473289.1996.10467440},
    issn = {10473289}
}

@misc{XGBoostcontributorsXGBoostDocumentation,
    title = {{XGBoost Documentation — xgboost 2.0.3 documentation}},
    author = {{XGBoost contributors}},
    url = {https://xgboost.readthedocs.io/en/stable/index.html}
}

@inproceedings{Chen2016XGBoost:System,
    title = {{XGBoost: A scalable tree boosting system}},
    year = {2016},
    booktitle = {Proceedings of the ACM SIGKDD International Conference on Knowledge Discovery and Data Mining},
    author = {Chen, Tianqi and Guestrin, Carlos},
    month = {8},
    pages = {785--794},
    volume = {13-17-Augu},
    publisher = {Association for Computing Machinery},
    url = {https://dl.acm.org/doi/10.1145/2939672.2939785},
    isbn = {9781450342322},
    doi = {10.1145/2939672.2939785},
    arxivId = {1603.02754},
    keywords = {Large-scale Machine learning}
}

@article{Lambert1992Zero-InflatedManufacturing,
    title = {{Zero-Inflated Poisson Regression, with an Application to Defects in Manufacturing}},
    year = {1992},
    journal = {Technometrics},
    author = {Lambert, Diane},
    number = {1},
    month = {2},
    pages = {1},
    volume = {34},
    publisher = {JSTOR},
    doi = {10.2307/1269547},
    issn = {00401706}
}

@misc{2024CORRECCIOPremsa,
    title = {{[CORRECCI{\'{O}}] El mercat d’oficines de Barcelona presenta una situaci{\'{o}} d’equilibri entre l’oferta i la demanda : Servei de Premsa}},
    year = {2024},
    booktitle = {Servei de Premsa Ajuntament de Barcelona},
    month = {5},
    url = {https://ajuntament.barcelona.cat/premsa/2024/05/15/el-mercat-doficines-de-barcelona-presenta-una-situacio-dequilibri-entre-loferta-i-la-demanda/},
    address = {Barcelona}
}


## 3 Tales

@misc{Johnson2003,
address = {Vancouver},
author = {Johnson, Laura Climenko},
language = {English},
mendeley-groups = {Urban Simulators/Teleworking},
publisher = {UBC Press},
title = {{The co-workplace: teleworking in the neighbourhood}},
year = {2003}
}

@inbook{Steenson2017CedricPrice,
author = {Steenson, Molly Wright},
booktitle = {Architectural Intelligence: How Designers and Architects Created the Digital Landscape},
chapter = {5},
file = {:C\:/Library/Steenson - 2017 - Cedric Price Responsive Architecture and Intelligent Buildings.pdf:pdf},
mendeley-groups = {Architecture},
pages = {127--163},
title = {{Cedric Price: Responsive Architecture and Intelligent Buildings}},
url = {https://ieeexplore.ieee.org/document/8290865},
year = {2017}
}

@article{Bradley2007,
author = {Bradley, Catherine A. and Altizer, Sonia},
doi = {10.1016/j.tree.2006.11.001},
issn = {01695347},
journal = {Trends in Ecology \& Evolution},
mendeley-groups = {Urban Planning,Urban resilience},
month = {feb},
number = {2},
pages = {95--102},
pmid = {17113678},
publisher = {Elsevier Current Trends},
title = {{Urbanization and the ecology of wildlife diseases}},
url = {https://linkinghub.elsevier.com/retrieve/pii/S0169534706003648},
volume = {22},
year = {2007}
}

@book{Dobkowski2002,
abstract = {Obach reviews On the Edge of Scarcity: Environment, Resources, Population, Sustainability, and Conflict edited by Michael N. Dobkowski and Isidor Wallimann.},
address = {Syracuse, NY},
author = {Dobkowski, Michael N. and Wallimann, Isidor},
doi = {10.2307/1556667},
isbn = {0815629184},
issn = {00943061},
mendeley-groups = {Policy},
publisher = {Program for the Advancement of Research on Conflict and Collaboration. Syracuse University Press},
title = {{On the Edge of Scarcity: Environment, Resources, Population, Sustainability, and Conflict}},
url = {https://surface.syr.edu/parcc/4/},
year = {2002}
}

@article{Meadows1972,
author = {Meadows, Donella H . and Meadows, Dennis L . and Randers, Jorgen and Behrens, William W.},
isbn = {73-187907},
journal = {Universe},
mendeley-groups = {Digital Democracy-COSS,Urban resilience},
pages = {1--9},
title = {{The Limits to Growth : A Report to The Club of Rome}},
year = {1972}
}

@article{Belzunegui-Eraso2020,
author = {Belzunegui-Eraso, Angel and Erro-Garc{\'{e}}s, Amaya},
doi = {10.3390/su12093662},
file = {:C\:/Library/Belzunegui-Eraso, Erro-Garc{\'{e}}s - 2020 - Teleworking in the context of the Covid-19 crisis.pdf:pdf},
issn = {20711050},
journal = {Sustainability (Switzerland)},
keywords = {Covid-19,Crisis,Safety factors,Security,Sustainability,Telework},
mendeley-groups = {Urban Simulators/Teleworking,Urban Planning},
month = {may},
number = {9},
pages = {3662},
publisher = {MDPI AG},
title = {{Teleworking in the context of the Covid-19 crisis}},
url = {https://www.mdpi.com/2071-1050/12/9/3662},
volume = {12},
year = {2020}
}

@book{townsend2013smart,
address = {New York and London},
author = {Townsend, Anthony M.},
file = {:C\:/Library/Townsend - 2013 - Smart Cities Big Data, Civic Hackers, and the Quest for a New Utopia.pdf:pdf},
isbn = {9780393082876},
publisher = {W. W. Norton \& Company},
title = {{Smart Cities: Big Data, Civic Hackers, and the Quest for a New Utopia}},
url = {https://books.google.com/books?id=PSsGAQAAQBAJ},
year = {2013}
}
@article{DeAbreueSilva2018,
author = {{de Abreu e Silva}, Jo{\~{a}}o and Melo, Patr{\'{i}}cia C.},
doi = {10.1016/j.jtrangeo.2018.10.009},
issn = {09666923},
journal = {Journal of Transport Geography},
keywords = {Car ownership,Commuting distance,Home-based telework,Household travel},
mendeley-groups = {Urban Simulators/Teleworking,Urban Planning},
month = {dec},
pages = {148--162},
publisher = {Elsevier Ltd},
title = {{Does home-based telework reduce household total travel? A path analysis using single and two worker British households}},
volume = {73},
year = {2018}
}

@techreport{Zahavi1974,
author = {Zahavi, Yacov},
keywords = {Mobility,Modal Choice,System Performance,Traffic Performance,Travel Demand Elasticity,Travel Time Budget},
mendeley-groups = {Policy,Urban Simulators/Teleworking},
month = {may},
pages = {96},
publisher = {United States. Federal Highway Administration},
title = {{Traveltime Budgets and Mobility in Urban Areas}},
url = {https://rosap.ntl.bts.gov/view/dot/12144},
year = {1974}
}

@article{Lim2022,
archivePrefix = {arXiv},
arxivId = {2201.01634},
author = {Lim, Wei Yang Bryan and Xiong, Zehui and Niyato, Dusit and Cao, Xianbin and Miao, Chunyan and Sun, Sumei and Yang, Qiang},
eprint = {2201.01634},
file = {:C\:/Library/Yang et al. - 2022 - Realizing the Metaverse with Edge Intelligence A Match Made in Heaven.pdf:pdf},
keywords = {Edge intelligence,Future communi-cations,Index Terms-Metaverse,Resource allocation},
mendeley-groups = {Digital Twins,Digital Twins/Metaverse},
month = {jan},
title = {{Realizing the Metaverse with Edge Intelligence: A Match Made in Heaven}},
url = {https://arxiv.org/abs/2201.01634v1 http://arxiv.org/abs/2201.01634},
year = {2022}
}

@phdthesis{AmannAlcocer2005,
author = {{Amann Alcocer}, Atxu},
mendeley-groups = {Architecture},
pages = {326},
school = {Universidad Polit{\'{e}}cnica de Madrid},
title = {{El espacio dom{\'{e}}stico: la mujer y la casa}},
type = {Doctoral thesis},
url = {http://oa.upm.es/164/},
year = {2005}
}

@book{Dominoni2022,
address = {Milan, Italy},
edition = {1},
editor = {Dominoni, Annalisa and Scullica, Francesco},
isbn = {9788835133636},
publisher = {FrancoAngeli},
title = {{Designing behaviours for well-being spaces}},
url = {https://library.oapen.org/bitstream/handle/20.500.12657/53629/9788835133636.pdf?sequence=1#page=91},
year = {2022}
}

@book{Geraci2010,
address = {Oxford, New York},
author = {Geraci, Robert M.},
doi = {10.1093/acprof:oso/9780195393026.003.0001},
mendeley-groups = {Digital Twins,Digital Twins/DT: Potential Limitations and Ethical Issues},
publisher = {Oxford University Press},
title = {{Apocalyptic AI: visions of heaven in robotics, artificial intelligence, and virtual reality}},
year = {2010}
}

@article{Bettencourt2007,
author = {Bettencourt, Lu{\'{i}}s M. A. and Lobo, Jos{\'{e}} and Helbing, Dirk and K{\"{u}}hnert, Christian and West, Geoffrey B.},
doi = {10.1073/pnas.0610172104},
issn = {00278424},
journal = {Proceedings of the National Academy of Sciences of the United States of America},
keywords = {Economics of scale,Increasing returns,Population,Sustainability,Urban studies},
mendeley-groups = {CoCi},
month = {apr},
number = {17},
pages = {7301--7306},
pmid = {17438298},
publisher = {National Academy of Sciences},
title = {{Growth, innovation, scaling, and the pace of life in cities}},
volume = {104},
year = {2007}
}

@article{Pask1969,
author = {Pask, Gordon},
journal = {Architectural Design},
mendeley-groups = {Computational Design,Urban Planning,Digital Democracy-COSS},
number = {7/6},
pages = {494--496},
title = {{The Architectural Relevance of Cybernetics}},
volume = {September},
year = {1969}
}

@article{Moreno2021,
author = {Moreno, Carlos and Allam, Zaheer and Chabaud, Didier and Gall, Catherine and Pratlong, Florent},
doi = {10.3390/smartcities4010006},
issn = {26246511},
journal = {Smart Cities},
keywords = {15-minute city,Carlos Moreno,Collective intelligence,Humane cities,Proximity,Smart cities,Sustainability,Urbanism,Walkability},
mendeley-groups = {Urban Planning,Digital Democracy-COSS,Urban resilience},
month = {jan},
number = {1},
pages = {93--111},
publisher = {Multidisciplinary Digital Publishing Institute},
title = {{Introducing the “15-minute city”: Sustainability, resilience and place identity in future post-pandemic cities}},
url = {https://www.mdpi.com/2624-6511/4/1/6/htm https://www.mdpi.com/2624-6511/4/1/6},
volume = {4},
year = {2021}
}

@article{Garavaglia2020,
author = {Garavaglia, Luca},
journal = {Domus},
mendeley-groups = {Urban Simulators/Teleworking},
month = {nov},
title = {{Post-Covid cities, between villages revenge and hyperconnectivity}},
url = {https://www.domusweb.it/en/architecture/2020/11/19/post-covid-19-cities-between-villages-revenge-and-hyperconnectivity.html},
year = {2020}
}

@article{Nilles1991,
author = {Nilles, JackM.},
doi = {10.1007/BF00186567},
issn = {0049-4488},
journal = {Transportation},
keywords = {telecommuting,urban sprawl},
mendeley-groups = {Urban Planning,Urban Simulators/Teleworking,teleworking},
month = {dec},
number = {4},
pages = {411--432},
publisher = {Kluwer Academic Publishers},
title = {{Telecommuting and urban sprawl: mitigator or inciter?}},
url = {http://link.springer.com/10.1007/BF00186567},
volume = {18},
year = {1991}
}

@incollection{Brenner2012,
address = {Berlin},
author = {Brenner, Neil and Schmid, Christian},
booktitle = {Urban Constellations},
editor = {Gandy, Matthew},
file = {:C\:/Library/Neil Brenner, Christian Schmid - Unknown - Planetary urbanisation.pdf:pdf},
isbn = {9783868591187},
issn = {0172-6641},
mendeley-groups = {Urban Planning,Urban Simulators/Teleworking,teleworking},
pages = {10--13},
pmid = {24299079},
publisher = {Jovis},
title = {{Planetary Urbanisation}},
url = {http://archive.urbantheorylab.net/site/assets/files/1016/2011_brenner_schmid.pdf},
year = {2012}
}

@misc{White2015,
author = {White, Roger and Engelen, Guy and Uljee, Inge},
doi = {10.7551/mitpress/9780262029568.001.0001},
isbn = {9780262331371},
mendeley-groups = {Urban Simulators,Urban Planning},
month = {sep},
publisher = {The MIT Press},
title = {{Modeling Cities and Regions as Complex Systems: From Theory to Planning Applications}},
url = {https://doi.org/10.7551/mitpress/9780262029568.001.0001},
year = {2015}
}











