
@book{Beirao2012,
author = {Beir{\~{a}}o, Jos{\'{e}} N},
booktitle = {A+BE | Architecture and the Built Environment},
doi = {10.7480/a+be.vol2.diss5},
isbn = {9781479355020},
issn = {2212-3202},
keywords = {Beirao,Citymaker,parametric design,shape grammar},
mendeley-groups = {MSCD},
number = {5},
pages = {440},
title = {{CItyMaker; Designing Grammars for Urban Design}},
url = {http://abe.tudelft.nl/article/view/beirao/},
volume = {2},
year = {2012}
}

@article{Burr2018,
author = {Burr, Christopher and Cristianini, Nello and Ladyman, James},
doi = {10.1007/s11023-018-9479-0},
issn = {15728641},
journal = {Minds and Machines},
keywords = {Artificial intelligence,Autonomy,Human–computer interaction,Machine learning,Nudge,Persuasion},
mendeley-groups = {Digital Democracy-COSS},
month = {dec},
number = {4},
pages = {735--774},
publisher = {Springer Netherlands},
title = {{An Analysis of the Interaction Between Intelligent Software Agents and Human Users}},
url = {https://link.springer.com/article/10.1007/s11023-018-9479-0},
volume = {28},
year = {2018}
}


@article{Cardullo2019,
author = {Cardullo, Paolo and Kitchin, Rob},
doi = {10.1007/s10708-018-9845-8},
issn = {15729893},
journal = {GeoJournal},
keywords = {Citizens,Citizenship,Engagement,Participation,Rights,Smart city},
mendeley-groups = {Urban Planning,CoCi},
month = {feb},
number = {1},
pages = {1--13},
publisher = {Springer Netherlands},
title = {{Being a ‘citizen' in the smart city: up and down the scaffold of smart citizen participation in Dublin, Ireland}},
url = {https://doi.org/10.1007/s10708-018-9845-8},
volume = {84},
year = {2019}
}

@inproceedings{Chirkin2016,
address = {New York, NY, USA},
author = {Chirkin, Artem M. and Koenig, Reinhard},
booktitle = {Proceedings of the SEACHI 2016 on Smart Cities for Better Living with HCI and UX},
doi = {10.1145/2898365.2899795},
isbn = {9781450341943},
issn = {23415576},
month = {may},
pages = {10--13},
publisher = {ACM},
title = {{Concept of Interactive Machine Learning in Urban Design Problems}},
url = {https://dl.acm.org/doi/10.1145/2898365.2899795},
year = {2016}
}


@book{Dodig2019,
address = {New York},
doi = {10.4324/9780429441325},
edition = {1},
editor = {Dodig, Marta Brkovi{\'{c}} and Groat, Linda N.},
isbn = {9780429441325},
mendeley-groups = {Architecture,Digital Democracy-COSS,Urban Simulators,Computational Design,Urban Planning,Digital Twins},
pages = {1--254},
publisher = {Routledge},
title = {{The Routledge companion to games in architecture and urban planning: Tools for design, teaching, and research}},
year = {2019}
}

@techreport{Engelbart1962,
address = {Menlo Park, CA},
author = {Engelbart, Douglas C.},
institution = {Stanford Research Institute},
mendeley-groups = {Digital Democracy-COSS},
number = {Contract AF 49(638)-1024},
title = {{Augmenting human intellect: a conceptual framework}},
year = {1962}
}

@book{Geertman2020,
booktitle = {Handbook of Planning Support Science},
doi = {10.4337/9781788971089},
editor = {Geertman, Stan and Stillwell, John},
isbn = {9781788971089},
mendeley-groups = {Computational Design,Architecture,Urban resilience},
month = {feb},
publisher = {Edward Elgar Publishing},
title = {{Handbook of Planning Support Science}},
url = {https://china.elgaronline.com/view/edcoll/9781788971072/9781788971072.xml},
year = {2020}
}

@incollection{Konig2017,
address = {New York : Routledge, 2017. | Series: Routledge research in planning and urban design},
author = {K{\"{o}}nig, Reinhard and Schmitt, Gerhard and Standfest, Matthias and Chirkin, Artem and Klein, Bernhard},
booktitle = {The Virtual and the Real in Planning and Urban Design},
doi = {10.4324/9781315270241-8},
editor = {Yamu, Claudia and Poplin, Alenka and Devisch, Oswald and Roo, Gert De},
file = {:C\:/Library/chapter5.pdf:pdf;:C\:/Library/K{\"{o}}nig et al. - 2018 - Cognitive Computing for Urban Planning.pdf:pdf},
mendeley-groups = {to be read,Data Analytics for Urban Design,Urban Planning},
month = {oct},
pages = {93--111},
publisher = {Routledge},
title = {{Cognitive Computing for Urban Planning}},
url = {https://www.taylorfrancis.com/books/9781351981491/chapters/10.4324/9781315270241-8},
year = {2017}
}

@article{Licklider1960,
author = {Licklider, J. C. R.},
journal = {IRE Transactions on Human Factors in Electronics},
keywords = {Computer languages,Insects,Performance analysis,Performance evaluation,Symbiosis,Time sharing computer systems},
number = {1},
pages = {4--11},
title = {{Man-computer symbiosis}},
volume = {HFE-1},
year = {1960}
}

@article{Lock2021,
author = {Lock, Oliver and Bain, Michael and Pettit, Christopher},
doi = {10.1177/2399808320939974},
issn = {23998091},
journal = {Environment and Planning B: Urban Analytics and City Science},
keywords = {Machine learning,co-design,mixed methods,planning support systems,urban development},
mendeley-groups = {Policy,Urban Planning,to be read,CoCi},
month = {mar},
number = {3},
pages = {484--502},
publisher = {SAGE Publications Ltd},
title = {{Towards the collaborative development of machine learning techniques in planning support systems – a Sydney example}},
url = {https://journals.sagepub.com/doi/full/10.1177/2399808320939974},
volume = {48},
year = {2021}
}

@book{Lynch1960,
address = {Cambridge, MA},
author = {Lynch, Kevin},
mendeley-groups = {MSCD},
publisher = {The Technology Press \& Harvard University Press},
title = {{The Image of the City}},
url = {http://italianstudies.nd.edu/assets/68866/lynch.pdf},
year = {1960}
}

@article{Marvin2017,
author = {Marvin, Simon and Luque-Ayala, Andr{\'{e}}s},
doi = {10.1111/1468-2427.12479},
issn = {14682427},
journal = {International Journal of Urban and Regional Research},
keywords = {Deleuze,ICT,computation,corporativism,diagram,digital,hardware,smart,software,urban governance},
mendeley-groups = {Digital Democracy-COSS,Urban Planning},
month = {jan},
number = {1},
pages = {84--103},
publisher = {John Wiley \& Sons, Ltd},
title = {{Urban Operating Systems: Diagramming the City}},
url = {https://onlinelibrary.wiley.com/doi/full/10.1111/1468-2427.12479 https://onlinelibrary.wiley.com/doi/abs/10.1111/1468-2427.12479 https://onlinelibrary.wiley.com/doi/10.1111/1468-2427.12479},
volume = {41},
year = {2017}
}

@book{Negroponte1970,
address = {Boston},
author = {Negroponte, Nicholas},
edition = {2nd},
pages = {153},
publisher = {Massachusetts Institute of Technology},
title = {{The Architecture Machine}},
year = {1970}
}

@article{Rittel1973,
author = {Rittel, Horst W. J. and Webber, Melvin M.},
doi = {10.1007/BF01405730},
issn = {0032-2687},
journal = {Policy Sciences},
mendeley-groups = {MSCD},
month = {jun},
number = {2},
pages = {155--169},
publisher = {Kluwer Academic Publishers},
title = {{Dilemmas in a general theory of planning}},
url = {http://link.springer.com/10.1007/BF01405730},
volume = {4},
year = {1973}
}

@article{Scott2002,
address = {New York, New York, USA},
author = {Scott, Stacey D and Lesh, Neal and Klau, Gunnar W},
doi = {10.1145/503376},
isbn = {1581134533},
journal = {Proceedings of the SIGCHI conference on Human factors in computing systems Changing our world, changing ourselves - CHI '02},
mendeley-groups = {Digital Democracy-COSS,Computational Design},
publisher = {ACM Press},
title = {{Investigating Human-Computer Optimization}},
year = {2002}
}

@incollection{Veloso2021,
address = {Abington, Oxon; New York},
author = {Veloso, Pedro and Krishnamurti, Ramesh},
booktitle = {The Routledge Companion to Artificial Intelligence in Architecture},
chapter = {3},
doi = {10.4324/9780367824259},
edition = {1},
editor = {As, Imdat and Basu, Prithwish},
isbn = {9780367424589},
mendeley-groups = {Computational Design},
pages = {29--58},
publisher = {Routledge},
title = {{Mapping generative models for architectural design}},
year = {2021}
}

% intro

@article{Gershenson2013,
archivePrefix = {arXiv},
arxivId = {1111.3659},
author = {Gershenson, Carlos},
doi = {10.1162/artl_a_00112},
eprint = {1111.3659},
issn = {1064-5462},
journal = {Artificial Life},
keywords = {Living technology,adaptation,learning,robustness,self-organization,urbanism},
mendeley-groups = {Urban Planning,Policy,Digital Democracy-COSS,CoCi,Urban Simulators/paper BCN (pruning cities 01)},
month = {oct},
number = {3_4},
pages = {401--420},
publisher = {MIT Press - Journals},
title = {{Living in Living Cities}},
url = {http://turing.iimas.unam.mx/$\sim$cgg},
volume = {19},
year = {2013}
}

@article{Mainka2016,
author = {Mainka, Agnes and Castelnovo, Walter and Miettinen, Virve and Bech-Petersen, Sidsel and Hartmann, Sarah and Stock, Wolfgang G.},
doi = {10.1002/pra2.2016.14505301006},
file = {:C\:/Library/Mainka et al. - 2016 - Open innovation in smart cities Civic participation and co-creation of public services.pdf:pdf},
issn = {23739231},
journal = {Proceedings of the Association for Information Science and Technology},
keywords = {Open innovation,participation,public library,public services,smart city},
mendeley-groups = {Urban Planning,CoCi},
month = {jan},
number = {1},
pages = {1--5},
publisher = {John Wiley and Sons Inc.},
title = {{Open innovation in smart cities: Civic participation and co-creation of public services}},
url = {http://doi.wiley.com/10.1002/pra2.2016.14505301006},
volume = {53},
year = {2016}
}

@misc{Lefebvre1974,
address = {Paris},
author = {Lefebvre, Henri},
file = {:C\:/Library/Lefebvre - 1974 - La production de l'espace.pdf:pdf},
language = {French},
mendeley-groups = {Architecture,Democracy by Design},
publisher = {{\'{E}}ditions Anthropos},
title = {{La production de l'espace}},
url = {http://catalog.hathitrust.org/api/volumes/oclc/1195465.html},
year = {1974}
}

@book{Pateman1970,
author = {Pateman, Carole},
doi = {10.1017/CBO9780511720444},
file = {:C\:/Library/Participation_and_Democratic_Theory.pdf:pdf;:C\:/Library/pateman_1970.pdf:pdf},
isbn = {9780521290043},
mendeley-groups = {Urban resilience,Urban Simulators/pruning cities 02},
month = {oct},
publisher = {Cambridge University Press},
title = {{Participation and Democratic Theory}},
url = {https://www.cambridge.org/core/product/identifier/9780511720444/type/book},
year = {1970}
}

@book{Gaffron2005,
address = {Hamburg, Utrecht, Vienna},
editor = {Gaffron, Philine and Huismans, G{\'{e}} and Skala, Franz},
isbn = {3-200-00421-5},
mendeley-groups = {Urban Planning,to be read},
publisher = {European Commission},
title = {{Ecocity: A better place to live}},
year = {2005}
}

@misc{Fink2018,
author = {Fink, Daniel},
mendeley-groups = {Computer Vision,to be read,Urban Planning,Data Analytics for Urban Design},
publisher = {NSW Architects Registration Board},
title = {{Complex Urbanities: Digital Techniques in Urban Design}},
year = {2018}
}

@book{Hovestadt2017,
address = {Basel},
author = {Hovestadt, Ludger and B{\"{u}}hlmann, Vera and Sebastian, Michael},
booktitle = {A Genius Planet},
doi = {10.1515/9783035614213},
isbn = {9783035614213},
mendeley-groups = {Architecture},
publisher = {Birkh{\"{a}}user Verlag GmbH},
title = {{A Genius Planet}},
volume = {11},
year = {2017}
}

@book{Picon2015,
address = {Chichester},
annote = {https://www.cairn.info/article.php?ID_ARTICLE=FLUX1_108_0111},
author = {Picon, Antoine},
doi = {10.1007/978-3-319-47361-1},
edition = {1st},
editor = {Castle, Helen and Murphy, Miriam and Lezama, Calver},
isbn = {978-3-319-47360-4},
keywords = {Definition,SmartCity},
mendeley-groups = {Iaac Bits},
pages = {157},
publisher = {John Wiley \& Sons Ltd.},
title = {{Smart Cities: A Spatialised Intelligence}},
url = {http://www.exzellenz.nrw.de/nocl/smart-cities-universal-home/cross-innovationen/smartcities/},
year = {2015}
}

@incollection{Greenfield2013,
address = {New York City},
author = {Greenfield, Adam},
booktitle = {The city is here for you to use},
chapter = {1},
file = {:C\:/Library/Against_the_Smart_City.pdf:pdf},
mendeley-groups = {Urban Planning},
publisher = {Do projects},
title = {{Against Smart City}},
year = {2013}
}

@article{Wilson2018,
author = {Wilson, Alan},
doi = {10.1007/s12061-018-9258-6},
issn = {1874-463X},
journal = {Applied Spatial Analysis and Policy},
keywords = {City planning,Defence,Dynamics,History,Urban modelling},
mendeley-groups = {Computational Design,Urban Planning,Urban Simulators/paper BCN (pruning cities 01),Urban Simulators},
month = {dec},
number = {4},
pages = {647--655},
publisher = {Springer Netherlands},
title = {{The Future of Urban Modelling}},
url = {http://link.springer.com/10.1007/s12061-018-9258-6},
volume = {11},
year = {2018}
}

@incollection{Batty2020smartcities,
author = {Batty, Michael},
booktitle = {The Routledge Companion to Smart Cities},
doi = {10.4324/9781315178387-5},
file = {:C\:/Library/10.4324_9781315178387-5_chapterpdf.pdf:pdf},
mendeley-groups = {Data Analytics for Urban Design,to be read,Urban Planning,Urban Simulators/pruning cities 02},
month = {apr},
pages = {51--60},
publisher = {Routledge},
title = {{Defining smart cities}},
url = {https://www.taylorfrancis.com/chapters/defining-smart-cities-michael-batty/e/10.4324/9781315178387-5},
year = {2020}
}

@misc{Batty2018AIandSmartCities,
author = {Batty, Michael},
booktitle = {Environment and Planning B: Urban Analytics and City Science},
doi = {10.1177/2399808317751169},
issn = {23998091},
mendeley-groups = {Computer Vision,to be read,Urban Planning,Data Analytics for Urban Design},
month = {jan},
number = {1},
pages = {3--6},
title = {{Artificial intelligence and smart cities}},
url = {http://journals.sagepub.com/doi/10.1177/2399808317751169},
volume = {45},
year = {2018}
}

@article{Wildfire2018,
author = {Wildfire, Clare},
journal = {Infrastructure Intelligence},
mendeley-groups = {Data Analytics for Urban Design,Digital Twins,Urban Simulators/paper BCN (pruning cities 01)},
month = {may},
title = {{How can we spearhead city-scale digital twins?}},
url = {http://www.infrastructure-intelligence.com/article/may-2018/how-can-we-spearhead-city-scale-digital-twins},
year = {2018}
}

@article{DeNadai2016,
annote = {Testing 4 conditions cities from Jane Jacobs' Life of Great American Cities in an easiest way than the field data collection performed in Seoul for 10 years based on digital data.},
author = {{De Nadai}, Marco and Fondazione, Nadai and Kessler, Bruno and Staiano, Jacopo and Larcher, Roberto and Sebe, Nicu and Quercia, Daniele and Fondazione, Bruno Lepri},
mendeley-groups = {MSCD},
title = {{The Death and Life of Great Italian Cities: A Mobile Phone Data Perspective}},
url = {https://arxiv.org/pdf/1603.04012.pdf},
year = {2016}
}

@article{Helbing2021,
author = {Helbing, Dirk and Fanitabasi, Farzam and Giannotti, Fosca and H{\"{a}}nggli, Regula and Hausladen, Carina I. and van den Hoven, Jeroen and Mahajan, Sachit and Pedreschi, Dino and Pournaras, Evangelos},
doi = {10.3390/su132011162},
journal = {Sustainability},
keywords = {co,creation,digital democracy,participation,resilience,smart cities,sustainability},
mendeley-groups = {Urban Simulators/paper BCN (pruning cities 01),Digital Twins,Urban Simulators,Digital Twins/DT: Potential Limitations and Ethical Issues},
month = {oct},
number = {20},
pages = {11162},
publisher = {Multidisciplinary Digital Publishing Institute},
title = {{Ethics of Smart Cities: Towards Value-Sensitive Design and Co-Evolving City Life}},
url = {https://www.mdpi.com/2071-1050/13/20/11162/htm https://www.mdpi.com/2071-1050/13/20/11162},
volume = {13},
year = {2021}
}

@book{Cuthbert2006,
abstract = {The article reviews the book "The Form of Cities: Political Economy and Urban Design," by Alexander R. Cuthbert.},
address = {Malden, MA; Oxford, UK; Victoria, Australia},
archivePrefix = {arXiv},
arxivId = {arXiv:1011.1669v3},
author = {Cuthbert, Alexander R.},
booktitle = {The Form of Cities: Political Economy and Urban Design},
doi = {10.1002/9780470774915},
edition = {1st},
eprint = {arXiv:1011.1669v3},
isbn = {1405116390},
issn = {0739-456X},
mendeley-groups = {Iaac Bits,Democracy by Design},
pages = {1--304},
pmid = {26773168},
publisher = {Blackwell Publishing Ltd},
title = {{The Form of Cities: Political Economy and Urban Design}},
year = {2006}
}

@book{Ratti2015,
author = {Ratti, Carlo and Claudel, Matthew},
file = {:C\:/Library/Ratti, Claudel - 2015 - Open Source Architecture.pdf:pdf},
isbn = {9780500343067},
mendeley-groups = {Data Analytics for Urban Design,Urban Simulators/pruning cities 02},
pages = {144},
publisher = {Thames \& Hudson},
title = {{Open Source Architecture}},
url = {https://static1.squarespace.com/static/54c2a5c7e4b043776a0b0036/t/598b5891e4fcb565bf98be70/1502304403391/RattiClaudel_Open+Source+Architecture.pdf},
year = {2015}
}

@book{Fukuyama1992,
address = {New York City NY, USA},
author = {Fukuyama, Francis},
file = {:C\:/Library/Fukuyama - 1992 - The End of History and the Last Man (The Free Press 1992).pdf:pdf},
keywords = {history,philosophy,world politics},
mendeley-groups = {Digital Democracy-COSS},
publisher = {The Free Press},
title = {{The End of History and the Last Man}},
year = {1992}
}

@article{Anderson2008,
archivePrefix = {arXiv},
arxivId = {arXiv:1011.1669v3},
author = {Anderson, Chris},
eprint = {arXiv:1011.1669v3},
file = {:C\:/Library/Anderson - 2008 - The End of Theory The Data Deluge Makes the Scientific Method Obsolete.pdf:pdf},
isbn = {0304-3800},
issn = {1059-1028},
journal = {Wired},
mendeley-groups = {Newspapers articles,CoCi,Digital Twins/DT: Potential Limitations and Ethical Issues},
number = {07},
pmid = {812},
title = {{The End of Theory: The Data Deluge Makes the Scientific Method Obsolete}},
url = {https://www.wired.com/2008/06/pb-theory/ http://www.wired.com/print/science/discoveries/magazine/16-07/pb_theory},
volume = {16},
year = {2008}
}

@article{Carpo2014,
author = {Carpo, Mario},
file = {:C\:/Library//Carpo - 2014 - BREAKING THE CURVE BIG DATA AND DESIGN.pdf:pdf;:C\:/Library//Carpo - 2014 - Breaking the Curve Big Data and Design(2).pdf:pdf},
issn = {1086-7058},
journal = {ArtForum International},
mendeley-groups = {MSCD,Iaac Bits},
number = {6},
pages = {168--173},
title = {{Breaking the Curve: Big Data and Design}},
volume = {52},
year = {2014}
}

@book{Lanier2013,
author = {Lanier, Jaron},
file = {:C\:/Library/Lanier - 2013 - Who Owns the Future.pdf:pdf},
isbn = {9781451654967},
pages = {396},
publisher = {Simon \& Schuster},
title = {{Who Owns the Future?}},
year = {2013}
}

@book{Jacobs1961,
    title = {{The Death and Life of Great American Cities}},
    year = {1961},
    author = {Jacobs, Jane},
    pages = {472},
    publisher = {Vintage Books - Random House},
    url = {https://www.buurtwijs.nl/sites/default/files/buurtwijs/bestanden/jane_jacobs_the_death_and_life_of_great_american.pdf},
    address = {New York}
}

@incollection{Mantysalo2005,
author = {M{\"{a}}ntysalo, Raine},
booktitle = {Rehabilitation of suburban areas – Brozzi and Le Piagge neighbourhoods. Diploma Workshop in Florence 2004/05},
editor = {Zetti, Iacopo and Brand, Shira},
file = {:C\:/Library/10.1.1.126.3107.pdf:pdf},
mendeley-groups = {Urban Planning},
pages = {23--38},
publisher = {Department of Technology of Architecture and Design "P.L. Spadolini", University of Florence},
title = {{Approaches to Participation in Urban Planning Theories}},
year = {2005}
}

@book{Verebes2014,
address = {New York},
editor = {Verebes, Tom},
file = {:C\:/Library/Unknown - 2014 - Masterplanning the Adaptive City Computational Urbanism in the Twenty-First Century.pdf:pdf},
isbn = {9780415534796},
keywords = {city planning,computational urbanism,data processing,history,parametriciscm,urbanism},
mendeley-groups = {MSCD},
pages = {312},
publisher = {Routledge},
title = {{Masterplanning the Adaptive City: Computational Urbanism in the Twenty-First Century}},
year = {2014}
}

@article{Bereitschaft2020,
author = {Bereitschaft, Bradley and Scheller, Daniel},
doi = {10.3390/urbansci4040056},
file = {:C\:/Library/Bereitschaft, Scheller - 2020 - How Might the COVID-19 Pandemic Affect 21st Century Urban Design, Planning, and Development.pdf:pdf},
issn = {2413-8851},
journal = {Urban Science},
keywords = {19,19 planning,COVID,coronavirus,pandemic,pandemic planning,resilience,urban design},
mendeley-groups = {Digital Democracy-COSS,Urban Simulators/Teleworking,Urban Simulators/pruning cities 02,Urban Simulators/adaptive streets,Urban Planning},
month = {nov},
number = {4},
pages = {56},
publisher = {Multidisciplinary Digital Publishing Institute},
title = {{How Might the COVID-19 Pandemic Affect 21st Century Urban Design, Planning, and Development?}},
url = {https://www.mdpi.com/2413-8851/4/4/56/htm https://www.mdpi.com/2413-8851/4/4/56},
volume = {4},
year = {2020}
}

@book{Southworth1997,
address = {New York},
author = {Southworth, Michael and Ben-Joseph, Eran},
file = {:C\:/Library/Southworth, Ben-Joseph - 1997 - Streets and the shaping of towns and cities.pdf:pdf},
isbn = {0070598088 9780070598089},
language = {English},
mendeley-groups = {Urban Simulators/adaptive streets,Urban Planning},
publisher = {McGraw-Hill},
title = {{Streets and the shaping of towns and cities}},
year = {1997}
}

@article{Dembski2020,
author = {Dembski, Fabian and W{\"{o}}ssner, Uwe and Letzgus, Mike and Ruddat, Michael and Yamu, Claudia},
doi = {10.3390/su12062307},
file = {:C\:/Library/Dembski et al. - 2020 - Urban Digital Twins for Smart Cities and Citizens The Case Study of Herrenberg, Germany.pdf:pdf},
issn = {20711050},
journal = {Sustainability (Switzerland)},
keywords = {Participatory processes,Smart cities,Smart citizens,Spatial modeling and simulation,Urban digital twin},
mendeley-groups = {Data Analytics for Urban Design,Digital Twins},
month = {mar},
number = {6},
pages = {2307},
publisher = {MDPI AG},
title = {{Urban digital twins for smart cities and citizens: The case study of Herrenberg, Germany}},
url = {https://www.mdpi.com/2071-1050/12/6/2307},
volume = {12},
year = {2020}
}

@incollection{Deb2014,
author = {Deb, Kalyanmoy},
booktitle = {Search Methodologies: Introductory Tutorials in Optimization and Decision Support Techniques, Second Edition},
doi = {10.1007/978-1-4614-6940-7_15},
file = {:C\:/Library/Deb - 2014 - Multi-objective optimization.pdf:pdf},
isbn = {9781461469407},
mendeley-groups = {Computational Design,Urban Simulators/pruning cities 02},
month = {jan},
pages = {403--450},
publisher = {Springer US},
title = {{Multi-objective optimization}},
url = {https://link.springer.com/chapter/10.1007/978-1-4614-6940-7_15},
year = {2014}
}

@article{Quan2019,
author = {Quan, Steven Jige and Park, James and Economou, Athanassios and Lee, Sugie},
doi = {10.1177/2399808319867946},
file = {:C\:/Library/Quan et al. - 2019 - Artificial intelligence-aided design Smart Design for sustainable city development.pdf:pdf},
issn = {23998091},
journal = {Environment and Planning B: Urban Analytics and City Science},
keywords = {Smart Design,artificial intelligence-aided design (AIAD),energy efficient urban form,generative design,genetic algorithms,planning support systems},
mendeley-groups = {Policy,Urban Planning,to be read,CoCi},
month = {oct},
number = {8},
pages = {1581--1599},
publisher = {SAGE Publications Ltd},
title = {{Artificial intelligence-aided design: Smart Design for sustainable city development}},
url = {https://journals.sagepub.com/doi/full/10.1177/2399808319867946},
volume = {46},
year = {2019}
}

@article{Charitonidou2022,
author = {Charitonidou, Marianna},
doi = {10.1177/14780771211070005},
file = {:C\:/Library/Charitonidou - 2022 - Urban scale digital twins in data-driven society Challenging digital universalism in urban planning decision-makin.pdf:pdf},
issn = {1478-0771},
journal = {International Journal of Architectural Computing},
keywords = {Data-driven society,big data,cyber–physical–social ecosystems,data-driven decision-making,democracy,digital universalism,mobility justice,smart cities,socio-technical perspective,sovereignty,urban scale digital twins},
mendeley-groups = {Digital Twins,Architecture},
month = {jan},
number = {0},
pages = {147807712110700},
publisher = {SAGE PublicationsSage UK: London, England},
title = {{Urban scale digital twins in data-driven society: Challenging digital universalism in urban planning decision-making}},
url = {https://journals.sagepub.com/doi/10.1177/14780771211070005},
volume = {2022},
year = {2022}
}

@article{Ferre-Bigorra2022TheTwins,
    title = {{The adoption of urban digital twins}},
    year = {2022},
    journal = {Cities},
    author = {Ferr{\'{e}}-Bigorra, Jaume and Casals, Miquel and Gangolells, Marta},
    month = {12},
    pages = {103905},
    volume = {131},
    publisher = {Pergamon},
    doi = {10.1016/j.cities.2022.103905},
    issn = {02642751},
    keywords = {Built environment, Digital twin, Smart city, Urban infrastructure, Urban management, Urban planning}
}

@article{Grieves2014,
author = {Grieves, Michael},
journal = {White Paper},
keywords = {Grieves},
mendeley-groups = {Urban Simulators/paper BCN (pruning cities 01),Digital Twins},
number = {March},
pages = {1--7},
title = {{Digital Twin : Manufacturing Excellence through Virtual Factory Replication}},
url = {https://www.researchgate.net/publication/275211047_Digital_Twin_Manufacturing_Excellence_through_Virtual_Factory_Replication},
year = {2014}
}

@book{Loukissas2019,
author = {Loukissas, Yanni Alexander},
booktitle = {All Data Are Local},
doi = {10.7551/mitpress/11543.001.0001},
file = {:C\:/Library/Loukissas - 2019 - All Data Are Local.pdf:pdf},
isbn = {9780262352215},
mendeley-groups = {Urban Planning,Architecture,Digital Twins},
month = {apr},
publisher = {The MIT Press},
title = {{All Data Are Local}},
url = {https://direct.mit.edu/books/oa-monograph/4323/All-Data-Are-LocalThinking-Critically-in-a-Data},
year = {2019}
}

@misc{Jeddoub2023,
author = {Jeddoub, Imane and Nys, Gilles Antoine and Hajji, Rafika and Billen, Roland},
booktitle = {International Journal of Applied Earth Observation and Geoinformation},
doi = {10.1016/j.jag.2023.103440},
file = {:C\:/Library/Jeddoub et al. - 2023 - Digital Twins for cities Analyzing the gap between concepts and current implementations with a specific focus on.pdf:pdf;:C\:/Library/List of DTs for cities definitions.pdf:pdf},
issn = {1872826X},
keywords = {3D city model,City information model,Data integration,Digital twins,Spatial data infrastructure},
mendeley-groups = {Digital Twins},
month = {aug},
pages = {103440},
publisher = {Elsevier},
title = {{Digital Twins for cities: Analyzing the gap between concepts and current implementations with a specific focus on data integration}},
volume = {122},
year = {2023}
}

@misc{Lei2023,
author = {Lei, Binyu and Janssen, Patrick and Stoter, Jantien and Biljecki, Filip},
booktitle = {Automation in Construction},
doi = {10.1016/j.autcon.2022.104716},
file = {:C\:/Library/Lei et al. - 2023 - Challenges of urban digital twins A systematic review and a Delphi expert survey.pdf:pdf},
issn = {09265805},
keywords = {3D city model,City information model,Simulations,Urban planning,Virtual replica},
mendeley-groups = {Urban Planning,Architecture,Digital Twins},
month = {mar},
pages = {104716},
publisher = {Elsevier},
title = {{Challenges of urban digital twins: A systematic review and a Delphi expert survey}},
volume = {147},
year = {2023}
}

@article{White2021,
author = {White, Gary and Zink, Anna and Codec{\'{a}}, Lara and Clarke, Siobh{\'{a}}n},
doi = {10.1016/j.cities.2020.103064},
issn = {02642751},
journal = {Cities},
keywords = {Digital twin,Internet of things (IoT),Smart cities,Urban planning,Urban policy},
mendeley-groups = {Urban Simulators/paper BCN (pruning cities 01),Data Analytics for Urban Design},
month = {mar},
pages = {103064},
publisher = {Pergamon},
title = {{A digital twin smart city for citizen feedback}},
volume = {110},
year = {2021}
}

@inproceedings{Depretre2022,
author = {Depretre, A. and Jacquinod, F. and Mielniczek, A.},
booktitle = {ISPRS Annals of the Photogrammetry, Remote Sensing and Spatial Information Sciences},
doi = {10.5194/isprs-Annals-V-4-2022-337-2022},
file = {:C\:/Library/Depretre, Jacquinod, Mielniczek - 2022 - EXPLORING DIGITAL TWIN ADAPTATION TO THE URBAN ENVIRONMENT COMPARISON WITH CIM TO AVOID SILO-BA.pdf:pdf},
issn = {21949050},
keywords = {BIM,CIM,Digital Twin,Digital transition,GIS,IoT,Urban scale},
mendeley-groups = {Urban Planning,Data Analytics for Urban Design,Digital Twins},
month = {may},
number = {4},
pages = {337--344},
publisher = {Copernicus GmbH},
title = {{Exploring digital twin adaptation to the urban environment: Comparison with cim to avoid silo-based approaches}},
url = {https://doi.org/10.5194/isprs-annals-V-4-2022-337-2022},
volume = {5},
year = {2022}
}

@misc{Shahat2021,
author = {Shahat, Ehab and Hyun, Chang T. and Yeom, Chunho},
booktitle = {Sustainability (Switzerland)},
doi = {10.3390/su13063386},
file = {:C\:/Library/Shahat, Hyun, Yeom - 2021 - City Digital Twin Potentials A Review and Research Agenda.pdf:pdf},
issn = {20711050},
keywords = {3D modeling,City digital twin,Smart city,Thematic analysis},
mendeley-groups = {Urban Planning,Urban resilience,Digital Twins},
month = {mar},
number = {6},
pages = {3386},
publisher = {Multidisciplinary Digital Publishing Institute},
title = {{City digital twin potentials: A review and research agenda}},
url = {https://www.mdpi.com/2071-1050/13/6/3386/htm https://www.mdpi.com/2071-1050/13/6/3386},
volume = {13},
year = {2021}
}

@article{Oselinsky2023,
author = {Oselinsky, Katrina and Spitzer, Amanda N. and Yu, Yiqing and Ortega, Francisco R. and Malinin, Laura H. and Curl, Kelly A. and Leach, Heather and Graham, Dan J.},
doi = {10.1038/s41598-023-32139-w},
file = {:C\:/Library/Oselinsky et al. - 2023 - Virtual reality assessment of walking in a modifiable urban environment a feasibility and acceptability study.pdf:pdf},
isbn = {0123456789},
issn = {20452322},
journal = {Scientific Reports},
keywords = {Disease prevention,Lifestyle modification,Psychology and behaviour},
month = {apr},
number = {1},
pages = {1--13},
pmid = {37041163},
publisher = {Nature Publishing Group},
title = {{Virtual reality assessment of walking in a modifiable urban environment: a feasibility and acceptability study}},
url = {https://www.nature.com/articles/s41598-023-32139-w},
volume = {13},
year = {2023}
}

@incollection{Rueda2018,
author = {Rueda, Salvador},
booktitle = {Integrating Human Health into Urban and Transport Planning: A Framework},
doi = {10.1007/978-3-319-74983-9_8},
editor = {Nieuwenhuijsen, M. and Khreis, H.},
file = {:C\:/Library/Rueda - 2018 - Superblocks for the design of new cities and renovation of existing ones Barcelona's case.pdf:pdf},
isbn = {9783319749839},
mendeley-groups = {Urban Planning,Policy,Urban Simulators/pruning cities 02},
month = {jul},
pages = {135--153},
publisher = {Springer International Publishing},
title = {{Superblocks for the design of new cities and renovation of existing ones: Barcelona's case}},
url = {https://doi.org/10.1007/978-3-319-74983-9_8},
year = {2018}
}

@article{Braess1969,
author = {Braess, Dietrich},
journal = {Unternehmensforschung},
mendeley-groups = {Urban Planning,Simulations and Crowds,Urban Simulators,Urban Simulators/paper BCN (pruning cities 01)},
number = {12},
pages = {258--268},
title = {{{\"{U}}ber ein Paradoxon aus der Verkehrsplanung}},
year = {1969}
}

@article{Sheffi1978,
author = {Sheffi, Yosef and Daganzo, Carlos F.},
doi = {10.1016/0041-1647(78)90106-5},
file = {:C\:/Library/Sheffi, Daganzo - 1978 - Another “paradox” of traffic flow.pdf:pdf},
issn = {00411647},
journal = {Transportation Research},
mendeley-groups = {Urban Simulators/pruning cities 02},
month = {feb},
number = {1},
pages = {43--46},
publisher = {Pergamon},
title = {{Another "paradox" of traffic flow}},
volume = {12},
year = {1978}
}

@article{Zografos2020,
    title = {{The everyday politics of urban transformational adaptation: Struggles for authority and the Barcelona superblock project}},
    year = {2020},
    journal = {Cities},
    author = {Zografos, Christos and Klause, Kai A. and Connolly, James J.T. and Anguelovski, Isabelle},
    month = {4},
    pages = {102613},
    volume = {99},
    publisher = {Elsevier Ltd},
    doi = {10.1016/j.cities.2020.102613},
    issn = {02642751},
    keywords = {Authority, Climate change governance, Competitive urbanism, Mobility planning, Superblock, Transformational adaptation}
}

@misc{Cerda1867,
address = {Madrid},
annote = {Contiene: v.1 - v.2: La urbanizaci{\'{o}}n considerada como un hecho concreto : estad{\'{i}}stica urbana de Barcelona.},
author = {Cerd{\`{a}}, Ildefonso},
file = {:C\:/Library//Cerd{\`{a}} - 1867 - Teor{\'{i}}a general de la urbanizaci{\'{o}}n, y aplicaci{\'{o}}n de sus principios y doctrinas a la reforma y ensanche de Barcelona.pdf:pdf;:C\:/Library/Cerd{\`{a}} - 1867 - Teor{\'{i}}a general de la urbanizaci{\'{o}}n, y aplicaci{\'{o}}n de sus principios y doctrinas a la reforma y ensanche de Barcelona.pdf:pdf},
keywords = {Barcelona / Descripci{\'{o}}n / Obras anteriores a 1900,Urbanismo / Espa{\~{n}}a / Barcelona / Obras anteriores,Urbanizaci{\'{o}}n / Espa{\~{n}}a / Barcelona / Obras anterior},
mendeley-groups = {Urban Planning,Urban Simulators/pruning cities 02},
pages = {2 v. 831; 700 p.},
publisher = {Imprenta Espa{\~{n}}ola},
title = {{Teor{\'{i}}a general de la urbanizaci{\'{o}}n, y aplicaci{\'{o}}n de sus principios y doctrinas a la reforma y ensanche de Barcelona}},
url = {file://catalog.hathitrust.org/Record/009648280 http://hdl.handle.net/2027/ucm.5308583073 (Vol. 1) http://hdl.handle.net/2027/ucm.5310802191 (Vol. 1) http://hdl.handle.net/2027/ucm.5308583304 (Vol. 2) http://hdl.handle.net/2027/ucm.5308585172 (Vol. 2)},
year = {1867}
}

@article{Lee1973RequiemModels,
    title = {{Requiem for Large-Scale Models}},
    year = {1973},
    journal = {Journal of the American Planning Association},
    author = {Lee, Douglass B.},
    number = {3},
    pages = {163--178},
    volume = {39},
    publisher = {Taylor {\&} Francis Group},
    url = {https://www.tandfonline.com/action/journalInformation?journalCode=rjpa20},
    doi = {10.1080/01944367308977851},
    issn = {01944363}
}

@book{CIAM1933,
address = {Paris},
author = {{Congress Internationaux d'Architecture Moderne (CIAM)}},
keywords = {modernism,urbanism},
mendeley-tags = {modernism,urbanism},
title = {{La Chartre d'Ath{\`{e}}nes}},
url = {https://modernistarchitecture.wordpress.com/2010/11/03/ciam's-“the-athens-charter”-1933/},
year = {1933}
}

@article{Golfarelli2006,
author = {Golfarelli, Matteo and Rizzi, Stefano and Proli, Andrea},
doi = {10.1145/1183512.1183523},
file = {:C\:/Library/Golfarelli, Rizzi, Proli - 2006 - Designing what-if analysis Towards a methodology(2).pdf:pdf},
isbn = {1595935304},
journal = {DOLAP: Proceedings of the ACM International Workshop on Data Warehousing and OLAP},
keywords = {What-if analysis},
mendeley-groups = {Urban Simulators/pruning cities 02},
pages = {51--58},
title = {{Designing what-if analysis: Towards a methodology}},
url = {www.qliktech.com},
year = {2006}
}

@article{Friedman2001GreedyMachine,
    title = {{Greedy function approximation: A gradient boosting machine.}},
    year = {2001},
    journal = {The Annals of Statistics},
    author = {Friedman, Jerome H.},
    number = {5},
    month = {10},
    pages = {1189--1232},
    volume = {29},
    publisher = {Institute of Mathematical Statistics},
    url = {https://projecteuclid.org/journals/annals-of-statistics/volume-29/issue-5/Greedy-function-approximation-A-gradient-boosting-machine/10.1214/aos/1013203451.full},
    doi = {10.1214/aos/1013203451},
    issn = {0090-5364},
    keywords = {Boosting, Decision trees, Function estimation, Robust nonparametric regression}
}

@article{Remy2014,
    title = {{Adaptive reuse of office buildings into housing: Opportunities and risks}},
    year = {2014},
    journal = {Building Research and Information},
    author = {Rem{\o}y, Hilde and Van Der Voordt, Theo},
    number = {3},
    month = {5},
    pages = {381--390},
    volume = {42},
    publisher = {Routledge},
    url = {https://www.tandfonline.com/doi/abs/10.1080/09613218.2014.865922},
    doi = {10.1080/09613218.2014.865922},
    issn = {14664321},
    keywords = {adaptation, conversion, entrepreneurial activity, housing market, obsolescence, office buildings, redundant buildings, reuse}
}

@article{LeSage2008SpatialFlows,
    title = {{Spatial econometric modeling of origin-destination flows}},
    year = {2008},
    journal = {Journal of Regional Science},
    author = {LeSage, James P. and Pace, R. Kelley},
    number = {5},
    month = {12},
    pages = {941--967},
    volume = {48},
    publisher = {John Wiley {\&} Sons, Ltd},
    url = {https://onlinelibrary.wiley.com/doi/10.1111/j.1467-9787.2008.00573.x},
    doi = {10.1111/j.1467-9787.2008.00573.x},
    issn = {00224146}
}

@book{Treiber2013,
address = {Berlin, Heidelberg},
author = {Treiber, Martin and Kesting, Arne},
booktitle = {Traffic Flow Dynamics: Data, Models and Simulation},
doi = {10.1007/978-3-642-32460-4},
isbn = {9783642324604},
mendeley-groups = {Computational Design,Urban Planning,Urban Simulators/paper BCN (pruning cities 01),Urban Simulators},
pages = {1--503},
publisher = {Springer},
title = {{Traffic flow dynamics: Data, models and simulation}},
year = {2013}
}

@book{Blundell-Jones2005,
address = {Oxon, UK},
doi = {10.4324/9780203022863},
editor = {{Blundell Jones}, Peter and Petrescu, Doina and Till, Jeremy},
file = {:C\:/Library/9780203022863_webpdf.pdf:pdf},
isbn = {9780203022863},
mendeley-groups = {from Stefan,Urban Simulators/pruning cities 02},
month = {jul},
pages = {1--286},
publisher = {Routledge},
title = {{Architecture and Participation}},
url = {https://www.taylorfrancis.com/books/9781134370979},
year = {2013}
}

@article{Christopher1965,
author = {Christopher, Alexander},
journal = {Architectural forum},
mendeley-groups = {DCC18 poster abstract},
number = {1},
pages = {58--62},
title = {{A city is not a tree}},
volume = {122},
year = {1965}
}

@article{DelsoGutierrez2018,
author = {{Delso Guti{\'{e}}rrez}, Rodrigo and {Argota S{\'{a}}nchez-Vaquerizo}, Javier},
doi = {10.1080/10464883.2018.1410668},
file = {:C\:/Library/Delso Guti{\'{e}}rrez, S{\'{a}}nchez-Vaquerizo - 2018 - Autonomy and Automation in the Architectural Project The Algorithm of Hypermobile Commuter's.pdf:pdf},
issn = {1046-4883},
journal = {Journal of Architectural Education},
number = {1},
pages = {120--134},
title = {{Autonomy and Automation in the Architectural Project: The Algorithm of Hypermobile Commuter's City}},
url = {https://www.tandfonline.com/doi/full/10.1080/10464883.2018.1410668},
volume = {72},
year = {2018}
}

@phdthesis{ArgotaSanchez-Vaquerizo2018,
author = {{Argota S{\'{a}}nchez-Vaquerizo}, Javier},
doi = {10.1184/R1/7063361.V1},
file = {:C\:/Library/Argota S{\'{a}}nchez-Vaquerizo - 2015 - What You See Is What You Get Data-Informed Workflow in Design for Architecture and Urbanism.pdf:pdf},
keywords = {computational design,computer vision,data science,machine learning,sensor fusion,urban behavior,urban space},
mendeley-groups = {Urban Simulators/pruning cities 02},
school = {Carnegie Mellon University},
title = {{What You See Is What You Get: Data-Informed Workflow in Design for Architecture and Urbanism}},
type = {Master thesis},
url = {https://kilthub.cmu.edu/articles/What_You_See_Is_What_You_Get_Data-Informed_Workflow_in_Design_for_Architecture_and_Urbanism/7063361},
year = {2018}
}

@article{Cheng2022,
author = {Cheng, Chen and Dou, Jing and Zheng, Zhijiang},
doi = {10.1016/j.iotcps.2022.07.003},
file = {:C\:/Library/Cheng, Dou, Zheng - 2022 - Energy-efficient SDN for Internet of Things in smart city.pdf:pdf},
issn = {26673452},
journal = {Internet of Things and Cyber-Physical Systems},
keywords = {Data center,Energy consumption,Internet of things,Network structure,Smart city},
mendeley-groups = {Digital Twins},
month = {jan},
pages = {145--158},
publisher = {Elsevier},
title = {{Energy-efficient SDN for Internet of Things in smart city}},
volume = {2},
year = {2022}
}

@article{Axelsson2018,
author = {Axelsson, Karin and Granath, Malin},
doi = {10.1016/j.giq.2018.09.001},
file = {:C\:/Library/Axelsson, Granath - 2018 - Stakeholders' stake and relation to smartness in smart city development Insights from a Swedish city planning.pdf:pdf},
issn = {0740624X},
journal = {Government Information Quarterly},
keywords = {City planning,Smart city,Smartness,Stakeholder theory},
mendeley-groups = {Urban Planning,Data Analytics for Urban Design,Digital Twins},
month = {oct},
number = {4},
pages = {693--702},
publisher = {JAI},
title = {{Stakeholders' stake and relation to smartness in smart city development: Insights from a Swedish city planning project}},
volume = {35},
year = {2018}
}

@article{Kitchin2016,
author = {Kitchin, Rob},
doi = {10.1098/rsta.2016.0115},
file = {:C\:/Library/Kitchin - 2016 - The ethics of smart cities and urban science.pdf:pdf},
journal = {Philosophical Transactions A},
keywords = {Subject Areas,big data,computer modelling and simulation,dataveillance,ethics,privacy,smart cities,software Keywords,urban science},
number = {374},
title = {{The ethics of smart cities and urban science}},
url = {http://dx.doi.org/10.1098/rsta.2016.0115},
year = {2016}
}

@incollection{Helbing2013,
address = {Berlin/Boston},
archivePrefix = {arXiv},
arxivId = {1007.2818},
author = {Helbing, Dirk},
booktitle = {Models, Simulations, and the Reduction of Complexity},
doi = {10.1515/9783110313680.53},
editor = {G{\"{a}}hde, Ulrich and Hartmann, Stephan and Wolf, J{\"{o}}rn Henning},
eprint = {1007.2818},
file = {:C\:/Library/10.1515_9783110313680.53.pdf:pdf},
isbn = {9783110313680},
mendeley-groups = {Simulations and Crowds},
pages = {53--80},
publisher = {De Gruyter},
title = {{Pluralistic Modeling of Complex Systems}},
url = {https://www.degruyter.com/document/doi/10.1515/9783110313680.53/html},
year = {2013}
}

@book{Page2018,
address = {New York City NY, USA},
annote = {Multiple models are better},
author = {Page, Scott E.},
file = {:C\:/Library/The_Model_Thinker_What_You_Need_to_Know_to_Make_Data_Work_for_Yo.pdf:pdf},
isbn = {Page, S. E. (2018). The Model Thinker: What you need to know to make data work for you. New York City NY, USA: Basic Books.},
pages = {1--23},
publisher = {Basic Books},
title = {{The Model Thinker: What you need to know to make data work for you}},
year = {2018}
}

@misc{Batty2019_maptNotTerritory,
author = {Batty, Michael},
booktitle = {Environment and Planning B: Urban Analytics and City Science},
doi = {10.1177/2399808319850652},
file = {:C\:/Library/Batty - 2019 - A map is not the territory, or is it.pdf:pdf},
issn = {23998091},
mendeley-groups = {Urban Simulators/paper BCN (pruning cities 01)},
month = {may},
number = {4},
pages = {599--602},
publisher = {SAGE PublicationsSage UK: London, England},
title = {{A map is not the territory, or is it?}},
url = {https://journals.sagepub.com/doi/10.1177/2399808319850652},
volume = {46},
year = {2019}
}

@article{LeSage2008SpatialFlows,
    title = {{Spatial econometric modeling of origin-destination flows}},
    year = {2008},
    journal = {Journal of Regional Science},
    author = {LeSage, James P. and Pace, R. Kelley},
    number = {5},
    month = {12},
    pages = {941--967},
    volume = {48},
    publisher = {John Wiley {\&} Sons, Ltd},
    url = {https://onlinelibrary.wiley.com/doi/10.1111/j.1467-9787.2008.00573.x},
    doi = {10.1111/j.1467-9787.2008.00573.x},
    issn = {00224146}
}

@book{Norton2008,
address = {Cambridge, MA},
author = {Norton, Peter D.},
isbn = {978-0-262-14100-0},
mendeley-groups = {Urban Simulators/adaptive streets,Democracy by Design},
publisher = {MIT Press},
title = {{Fighting Traffic: The Dawn of the Motor Age in the American City}},
year = {2008}
}

@article{HamiltonBaillieEnv2008,
   author = {Ben Hamilton-Baillie},
   issue = {2},
   journal = {Environment},
   pages = {161-181},
   title = {Shared Space: Reconciling People, Places and Traffic},
   volume = {34},
   url = {http://www.jstor.org/stable/23289804},
   year = {2008},
}

@misc{White2015,
author = {White, Roger and Engelen, Guy and Uljee, Inge},
doi = {10.7551/mitpress/9780262029568.001.0001},
isbn = {9780262331371},
mendeley-groups = {Urban Simulators,Urban Planning},
month = {sep},
publisher = {The MIT Press},
title = {{Modeling Cities and Regions as Complex Systems: From Theory to Planning Applications}},
url = {https://doi.org/10.7551/mitpress/9780262029568.001.0001},
year = {2015}
}

@misc{Parker2003,
author = {Parker, Dawn C. and Manson, Steven M. and Janssen, Marco A. and Hoffmann, Matthew J. and Deadman, Peter},
booktitle = {Annals of the Association of American Geographers},
doi = {10.1111/1467-8306.9302004},
file = {:C\:/Library/Parker et al. - 2003 - Multi-agent systems for the simulation of land-use and land-cover change A review.pdf:pdf},
issn = {00045608},
keywords = {Agent-based modeling,Cellular automata,Complexity theory,Land-use and land-cover change,Multi-agent systems},
mendeley-groups = {Urban Simulators,Urban Planning},
month = {jun},
number = {2},
pages = {314--337},
publisher = {Taylor & Francis Group},
title = {{Multi-agent systems for the simulation of land-use and land-cover change: A review}},
url = {https://www.tandfonline.com/action/journalInformation?journalCode=raag21},
volume = {93},
year = {2003}
}

@article{Boeing2019UrbanSpatialOrder,
archivePrefix = {arXiv},
arxivId = {1808.00600},
author = {Boeing, Geoff},
doi = {10.1007/s41109-019-0189-1},
eprint = {1808.00600},
file = {:C\:/Library/Boeing - 2019 - Urban spatial order street network orientation, configuration, and entropy.pdf:pdf},
issn = {23648228},
journal = {Applied Network Science},
keywords = {Complexity,Computer Appl. in Social and Behavioral Sciences,Simulation and Modeling},
mendeley-groups = {Urban Planning,to be read,Policy,Urban Simulators},
month = {dec},
number = {1},
pages = {67},
publisher = {Springer},
title = {{Urban spatial order: street network orientation, configuration, and entropy}},
url = {https://appliednetsci.springeropen.com/articles/10.1007/s41109-019-0189-1},
volume = {4},
year = {2019}
}

@article{Xie2009,
author = {Xie, Feng and Levinson, David},
doi = {10.1016/j.compenvurbsys.2008.09.009},
issn = {01989715},
journal = {Computers, Environment and Urban Systems},
keywords = {Degeneration,Evolution,Simulation,Surface transportation network,Topology},
mendeley-groups = {Urban Simulators/paper BCN (pruning cities 01)},
number = {3},
pages = {211--223},
publisher = {Elsevier Ltd},
title = {{Topological evolution of surface transportation networks}},
url = {http://dx.doi.org/10.1016/j.compenvurbsys.2008.09.009},
volume = {33},
year = {2009}
}

@article{Zanin2018,
author = {Zanin, Massimiliano and Sun, Xiaoqian and Wandelt, Sebastian},
doi = {10.1155/2018/3156137},
issn = {20423195},
journal = {Journal of Advanced Transportation},
mendeley-groups = {Urban Simulators,Urban Planning,Urban Simulators/paper BCN (pruning cities 01)},
publisher = {Hindawi Limited},
title = {{Studying the Topology of Transportation Systems through Complex Networks: Handle with Care}},
volume = {2018},
year = {2018}
}

@unpublished{Batty2008CitiesComplexSys,
address = {London},
author = {Batty, Michael},
file = {:C\:/Library/citiesComplex.pdf:pdf},
institution = {University College of London. Centre for Advanced Spatial Analysis},
mendeley-groups = {Urban Simulators},
number = {0},
pages = {0--62},
series = {UCL Working Papers Series},
title = {{Cities as Complex Systems: Scaling, Interactions, Networks, Dynamics and Urban Morphologies}},
volume = {44},
year = {2008}
}

@article{Bettencourt2007,
author = {Bettencourt, Lu{\'{i}}s M. A. and Lobo, Jos{\'{e}} and Helbing, Dirk and K{\"{u}}hnert, Christian and West, Geoffrey B.},
doi = {10.1073/pnas.0610172104},
issn = {00278424},
journal = {Proceedings of the National Academy of Sciences of the United States of America},
keywords = {Economics of scale,Increasing returns,Population,Sustainability,Urban studies},
mendeley-groups = {CoCi},
month = {apr},
number = {17},
pages = {7301--7306},
pmid = {17438298},
publisher = {National Academy of Sciences},
title = {{Growth, innovation, scaling, and the pace of life in cities}},
volume = {104},
year = {2007}
}

@article{Schlapfer2015,
archivePrefix = {arXiv},
arxivId = {1512.00946},
author = {Schl{\"{a}}pfer, Markus and Lee, Joey and Bettencourt, Lu{\'{i}}s M. A.},
eprint = {1512.00946},
mendeley-groups = {Urban Simulators/paper BCN (pruning cities 01),Urban Planning},
month = {dec},
title = {{Urban Skylines: building heights and shapes as measures of city size}},
url = {http://arxiv.org/abs/1512.00946},
year = {2015}
}
@article{Schlapfer2020,
archivePrefix = {arXiv},
arxivId = {2002.06070},
author = {Schl{\"{a}}pfer, Markus and Szell, Michael and Salat, Hadrien and Ratti, Carlo and West, Geoffrey B.},
eprint = {2002.06070},
file = {:C\:/Library/Schl{\"{a}}pfer et al. - 2020 - The hidden universality of movement in cities.pdf:pdf},
issn = {23318422},
journal = {arXiv},
mendeley-groups = {New papers review Fall 2020,Urban Planning,Data Analytics for Urban Design},
month = {feb},
title = {{The hidden universality of movement in cities}},
url = {http://arxiv.org/abs/2002.06070},
year = {2020}
}

@book{Hillier1984,
address = {Cambridge [Cambridgeshire]},
annote = {Accession Number: 711679; OCLC: 873806518; Language: English},
author = {Hillier, Bill and Hanson, Julienne},
file = {:C\:/Library/Hillier, Hanson - 1984 - The Social Logic of Space.pdf:pdf},
isbn = {9780521233651},
keywords = {ARCHITECTURE / Adaptive Reuse & Renovation,ARCHITECTURE / Buildings / Landmarks & Monuments,ARCHITECTURE / Professional Practice,ARCHITECTURE / Reference,Architecture and society,Space (Architecture)},
language = {English},
publisher = {Cambridge University Press},
title = {{The Social Logic of Space}},
url = {http://search.ebscohost.com/login.aspx?direct=true&db=e000xna&AN=711679&site=ehost-live},
year = {1984}
}
@misc{Whyte1979,
author = {Whyte, William H.},
mendeley-groups = {from Stefan,paper CAAD Futures 21,UDE},
publisher = {Municipal Art Society of New York},
title = {{The Social Life of Small Urban Spaces}},
url = {https://archive.org/details/thesociallifeofsmallurbanspaces},
year = {1979}
}

@book{Ewing2013,
author = {Ewing, Reid and Clemente, Otto},
booktitle = {Measuring Urban Design: Metrics for Livable Places},
doi = {10.5822/978-1-61091-209-9},
isbn = {9781610912099},
keywords = {Columbia's Built Environment and Health (BEH) grou,Complexity,D variables,Human scale,Imageability,Legibility,Linkage,Maryland Inventory of Urban Design Qualities (MIUD,Perceptual qualities,Robert Wood Johnson Active Living Research (ALR),Sidewalk connection,Tidiness,Transparency,Visual enclosure,Visual preference survey},
mendeley-groups = {Urban Planning,to be read,Urban Simulators/paper BCN (pruning cities 01),Policy},
month = {jan},
pages = {1--183},
publisher = {Island Press-Center for Resource Economics},
title = {{Measuring urban design: Metrics for livable places}},
year = {2013}
}

@book{Piaget1948,
address = {75006 Paris,  France},
author = {Piaget, Jean and Inhelder, B{\"{a}}rbel},
booktitle = {La repr{\'{e}}sentation de l'espace chez l'enfant.},
mendeley-groups = {paper CAAD Futures 21},
pages = {581},
publisher = {Presses Universitaires de France},
title = {{La repr{\'{e}}sentation de l'espace chez l'enfant. [Representation of space by the child.]}},
year = {1948}
}

@article{Li2016,
author = {Li, Xin and Hijazi, Ihab and Koenig, Reinhard and Lv, Zhihan and Zhong, Chen and Schmitt, Gerhard},
doi = {10.3390/ijgi5110218},
file = {:C\:/Library/Li et al. - 2016 - Assessing Essential Qualities of Urban Space with Emotional and Visual Data Based on GIS Technique.pdf:pdf},
issn = {2220-9964},
journal = {ISPRS International Journal of Geo-Information},
keywords = {geographical information system,isovists,logistic regression,urban form,walking experience},
mendeley-groups = {MSCD,paper CAAD Futures 21},
number = {11},
pages = {218},
title = {{Assessing Essential Qualities of Urban Space with Emotional and Visual Data Based on GIS Technique}},
url = {http://www.mdpi.com/2220-9964/5/11/218},
volume = {5},
year = {2016}
}

@article{Arnheim1954,
    title = {{Art and visual perception. Berkeley}},
    year = {1954},
    journal = {University of California Press, Ltd},
    author = {Arnheim, Rudolf},
    number = {4},
    pages = {96--161},
    volume = {197}
}

@article{Derix2013,
abstract = {In the last few years, parametric design has predominated in architectural research and practice. Christian Derix and {\AA}smund Izaki of the Computational Design and Research (CDR) group at Aedas|R&D explain how the research and design unit, based at Aedas in London, has pursued an alternative course by shifting the focus to behavioural and perceptive occupant simulation of spatial configurations. A human-centric approach, it draws its inspiration from earlier British pioneers in spatial computation, as well as the designers of the Organic Architecture movement of the early 20th century.},
annote = {H{\"{A}}ring's Wessenhafte Gestalt (from-generation process) from mapping user behaviours, to Scharoun's konkordanz. Then Hillier human-centric principle of concordance to "generic function".},
author = {Derix, Christian and Izaki, Asmund},
doi = {10.1002/ad.1552},
file = {:C\:/Library/Derix, Izaki - 2013 - Spatial computing for the new organic.pdf:pdf},
issn = {00038504},
journal = {Architectural Design},
keywords = {behavioral architecture,behavioral design,behavioral urbanism,human-centered design},
mendeley-tags = {behavioral architecture,behavioral design,behavioral urbanism,human-centered design},
number = {2},
pages = {42--47},
title = {{Spatial computing for the new organic}},
volume = {83},
year = {2013}
}

@article{Dubey2023,
author = {Dubey, Rohit K. and Sohn, Samuel S. and Thrash, Tyler and H{\"{o}}lscher, Christoph and Borrmann, Andr{\'{e}} and Kapadia, Mubbasir},
doi = {10.1109/TVCG.2022.3163794},
issn = {1077-2626},
journal = {IEEE Transactions on Visualization and Computer Graphics},
keywords = {Cognitive path-planning,agglomerative hierarchical clustering,fine-to-course,human wayfinding,spatial memory},
mendeley-groups = {Digital Twins,Architecture},
month = {aug},
number = {8},
pages = {3535--3549},
pmid = {35358048},
publisher = {IEEE Computer Society},
title = {{Cognitive Path Planning With Spatial Memory Distortion}},
url = {https://ieeexplore.ieee.org/document/9745822/},
volume = {29},
year = {2023}
}

@incollection{Echenique2004EconometricTransportation,
    title = {{Econometric Models of Land Use and Transportation}},
    year = {2004},
    booktitle = {Handbook of Transport Geography and Spatial Systems},
    author = {Echenique, Marcial},
    editor = {Hensher, D.A. and Button, K.J. and Haynes, K.E. and Stopher, P.R.},
    chapter = {12},
    pages = {185--202},
    volume = {5},
    publisher = {Emerald Group Publishing Limited, Bingley},
    isbn = {978-0-080-44108-5},
    doi = {10.1108/9781615832538-012}
}

@techreport{Lowry1964,
    title = {{A Model of Metropolis}},
    year = {1964},
    author = {Lowry, Ira S.},
    publisher = {RAND Corporation},
    url = {https://www.rand.org/pubs/research_memoranda/RM4035.html},
    institution = {RAND Corporation},
    address = {Santa Monica, CA}
}

@book{Forrester1969,
address = {Portland},
author = {Forrester, Jay Wright},
isbn = {1883823390},
mendeley-groups = {MSCD,Urban Simulators/paper BCN (pruning cities 01)},
pages = {285},
publisher = {Productivity Press},
title = {{Urban dynamics}},
year = {1969}
}

@misc{HousingAct1949,
abstract = {AN ACT To establish a national housing objective and the policy to be followed in the attainment thereof, to provide Federal aid to assist slum-clearance projects and low-rent public housing projects initiated by local agencies, to provide for financial assistance by the Secretary of Agriculture for farm housing, and for other purposes},
author = {{81st US Congress}},
mendeley-groups = {Urban Planning},
title = {{Housing Act of 1949}},
url = {https://uslaw.link/citation/us-law/public/81/171},
year = {1949}
}


@misc{HighwayAct1956,
author = {{84th US Congress}},
mendeley-groups = {Urban Planning},
title = {{Federal Aid Highway Act of 1956}},
url = {https://uslaw.link/citation/stat/70/374},
year = {1956}
}

@misc{UrbanMassTranspAct1964,
abstract = {An Act to authorize the Housing and Home Finance Administrator to provide additional assistance for the development of comprehensive and coordinated mass transportation systems, both public and private, in metropolitan and other urban areas, and for other purposes},
author = {{88th US Congress}},
mendeley-groups = {Urban Planning},
title = {{Urban Mass Transportation Act of 1964}},
url = {https://uslaw.link/citation/us-law/public/88/365},
year = {1964}
}

@techreport{Kristof1972,
author = {Kristof, Frank S},
mendeley-groups = {Urban Simulators/paper BCN (pruning cities 01),Urban Planning,Policy},
number = {4},
pages = {309--320},
title = {{Federal Housing Policies: Subsidized Production, Filtration and Objectives: Part I}},
url = {https://www.jstor.org/stable/3145307},
volume = {48},
year = {1972}
}

@book{Weiner2013,
author = {Weiner, Edward},
booktitle = {Urban Transportation Planning in the United States},
doi = {10.1007/978-1-4614-5407-6},
mendeley-groups = {Urban Simulators/paper BCN (pruning cities 01),Urban Planning,Policy},
title = {{Urban Transportation Planning in the United States}},
year = {2013}
}

@book{Alonso1964LocationRent,
    title = {{Location and Land Use: Toward a General Theory of Land Rent}},
    year = {1964},
    author = {Alonso, William.},
    month = {12},
    publisher = {Harvard University Press},
    url = {https://www.degruyter.com/document/doi/10.4159/harvard.9780674730854/html},
    address = {Cambridge, MA and London, England},
    isbn = {9780674729568},
    doi = {10.4159/harvard.9780674730854},
    keywords = {costs, ground rent, income, land prices, land use, profits, regions, rent, theory, transport, urban areas}
}

@misc{McFadden1978,
author = {McFadden, Daniel},
booktitle = {Spatial Interaction Theory and Planning Models},
file = {:C\:/Library/McFadden - 1978 - Modelling the choice of residential location.pdf:pdf},
isbn = {1111111111},
issn = {0361-1981},
mendeley-groups = {Urban Simulators/Teleworking,Urban Planning},
number = {477},
pages = {75--96},
publisher = {Cowles Foundation for Research in Economics, Yale University},
title = {{Modelling the choice of residential location}},
url = {https://econpapers.repec.org/RePEc:cwl:cwldpp:477 http://cowles.econ.yale.edu/P/cd/d04b/d0477.pdf},
volume = {673},
year = {1978}
}

@unpublished{Southworth1995,
address = {Oak Ridge, TN},
author = {Southworth, Franck},
doi = {10.2172/130603},
file = {:C\:/Library/Southworth - 1995 - A Technical Review On Urban Land Use Transportation Models as Tool for Evaluating.pdf:pdf},
institution = {Oak Ridge National Laboratory (ORNL)},
mendeley-groups = {Urban Simulators/Teleworking,Urban Planning},
month = {jul},
title = {{A Technical Review On Urban Land Use : Transportation Models as Tool for Evaluating Vehicle Travel Reduction Strategies}},
url = {http://www.osti.gov/servlets/purl/130603-NGa88K/webviewable/},
year = {1995}
}

@article{Iacono2008,
author = {Iacono, Michael and Levinson, David and El-Geneidy, Ahmed},
doi = {10.1177/0885412207314010},
issn = {08854122},
journal = {Journal of Planning Literature},
keywords = {Gravity model,Land use,Mathematical models,Microsimulation,Transportation planning,Urban growth},
mendeley-groups = {Urban Simulators/Teleworking,Urban Planning,Urban Simulators/pruning cities 02},
month = {may},
number = {4},
pages = {323--340},
publisher = {SAGE PublicationsSage CA: Los Angeles, CA},
title = {{Models of transportation and land use change: A guide to the territory}},
url = {http://journals.sagepub.com/doi/10.1177/0885412207314010},
volume = {22},
year = {2008}
}

@article{Waddell2002Urbansim:Planning,
    title = {{Urbansim: Modeling urban development for land use, transportation, and environmental planning}},
    year = {2002},
    journal = {Journal of the American Planning Association},
    author = {Waddell, Paul},
    number = {3},
    pages = {297--314},
    volume = {68},
    publisher = {Paul Waddell},
    url = {https://www.tandfonline.com/action/journalInformation?journalCode=rjpa20},
    doi = {10.1080/01944360208976274},
    issn = {01944363}
}

@incollection{Wegener2021Land-UseModels,
    title = {{Land-Use Transport Interaction Models}},
    year = {2021},
    booktitle = {Handbook of Regional Science},
    author = {Wegener, Michael},
    pages = {229--246},
    publisher = {Springer Berlin Heidelberg},
    url = {https://doi.org/10.1007/978-3-662-60723-7_41},
    address = {Berlin, Heidelberg},
    isbn = {9783662607237},
    doi = {10.1007/978-3-662-60723-7{\_}41},
    keywords = {Equilibrium vs. dynamic models, Land use and transport policies, Macro vs. micro models, Urban land-use transport interaction}
}

@misc{Hunt2005,
author = {Hunt, J. D. and Kriger, D. S. and Miller, E. J.},
booktitle = {Transport Reviews},
doi = {10.1080/0144164052000336470},
file = {:C\:/Library/Hunt, Kriger, Miller - 2005 - Current operational urban land-use-transport modelling frameworks A review.pdf:pdf},
issn = {01441647},
mendeley-groups = {Urban Simulators/Teleworking,Urban Planning},
month = {may},
number = {3},
pages = {329--376},
publisher = {Taylor and Francis Ltd},
title = {{Current operational urban land-use-transport modelling frameworks: A review}},
url = {http://www.tandfonline.com/doi/abs/10.1080/0144164052000336470},
volume = {25},
year = {2005}
}
@inproceedings{Timmermans2003,
address = {Lucerne},
author = {Timmermans, Harry},
booktitle = {Moving through nets: The physical and social dimensions of travel 10th},
file = {:C\:/Library/Timmermans - 2003 - The saga of integrated land use-transport modeling how many more dreams before we wake up.pdf:pdf},
mendeley-groups = {Urban Simulators/Teleworking,Urban Planning},
number = {August},
pages = {10--15},
title = {{The saga of integrated land use-transport modeling: how many more dreams before we wake up?}},
url = {https://edit.ethz.ch/ivt/news/archive/20030810_IATBR/timmermans.pdf},
year = {2003}
}

@article{Acheampong2015,
author = {Acheampong, Ransford Antwi and Silva, Elisabete},
doi = {10.5198/jtlu.2015.806},
issn = {1938-7849},
journal = {Journal of Transport and Land Use},
keywords = {Activity-based approach,Four-step model,Land-use,Micro-simulation,Stochasticity,Transportation,Uncertainty},
mendeley-groups = {Urban Simulators/Teleworking,Urban Planning,Urban Simulators/paper BCN (pruning cities 01)},
month = {jul},
number = {3},
pages = {11--38},
title = {{Land use–transport interaction modeling: A review of the literature and future research directions}},
url = {https://www.jtlu.org/index.php/jtlu/article/view/806},
volume = {8},
year = {2015}
}

@article{Thomas2018CityDeliLUTI,
author = {Thomas, Isabelle and Jones, Jonathan and Caruso, Geoffrey and Gerber, Philippe},
doi = {10.1080/01441647.2017.1295112},
file = {:C\:/Library/Thomas et al. - 2018 - City delineation in European applications of LUTI models review and tests.pdf:pdf},
issn = {14645327},
journal = {Transport Reviews},
keywords = {Europe,LUTI models,city delineation,theoretical simulation,urbansim},
mendeley-groups = {Urban Simulators/Teleworking,Urban Planning},
month = {jan},
number = {1},
pages = {6--32},
publisher = {Routledge},
title = {{City delineation in European applications of LUTI models: review and tests}},
url = {https://www.tandfonline.com/doi/full/10.1080/01441647.2017.1295112},
volume = {38},
year = {2018}
}

@article{Lopes2019LUTI,
author = {Lopes, Andr{\'{e}} Soares and Loureiro, Carlos Felipe Grangeiro and {Van Wee}, Bert},
doi = {10.1080/01441647.2018.1442890},
file = {:C\:/Library/Lopes, Loureiro, Van Wee - 2019 - LUTI operational models review based on the proposition of an a priori ALUTI conceptual model.pdf:pdf},
issn = {14645327},
journal = {Transport Reviews},
keywords = {ALUTI,LUTI,activity,land use,operational models,transport},
mendeley-groups = {Urban Simulators/paper BCN (pruning cities 01),Urban Simulators/Teleworking,Urban Planning},
month = {mar},
number = {2},
pages = {204--225},
publisher = {Routledge},
title = {{LUTI operational models review based on the proposition of an a priori ALUTI conceptual model}},
url = {https://www.tandfonline.com/doi/full/10.1080/01441647.2018.1442890},
volume = {39},
year = {2019}
}

@book{Moeckel2018,
address = {Washington D.C.},
author = {Moeckel, Rolf},
booktitle = {Integrated Transportation and Land Use Models},
doi = {10.17226/25194},
file = {:C\:/Library/Moeckel - 2018 - Integrated Transportation and Land Use Models.pdf:pdf},
isbn = {9780309390279},
mendeley-groups = {Urban Simulators},
publisher = {The National Academies Press},
title = {{Integrated Transportation and Land Use Models}},
year = {2018}
}

@book{Heppenstall2012,
author = {Heppenstall, Alison J. and Crooks, Andrew T. and See, Linda M. and Batty, Michael},
booktitle = {Agent-Based Models of Geographical Systems},
doi = {10.1007/978-90-481-8927-4},
isbn = {9789048189274},
mendeley-groups = {Urban Simulators,Urban Planning,Urban Simulators/paper BCN (pruning cities 01)},
month = {jan},
pages = {1--759},
publisher = {Springer Netherlands},
title = {{Agent-based models of geographical systems}},
year = {2012}
}

@article{Batty2013SIMULACRA,
author = {Batty, Michael and Vargas, Camilo and Smith, Duncan and Serras, Joan and Reades, Jon and Johansson, Anders},
doi = {10.1068/b4006mb},
file = {:C\:/Library/Batty et al. - 2013 - SIMULACRA Fast Land-Use—Transportation Models for the Rapid Assessment of Urban Futures.pdf:pdf},
issn = {14723417},
journal = {Environment and Planning B: Planning and Design},
keywords = {Economic flows,Greater and outer London,Land use transport interaction (LUTI) models,Rapid visualisation,Trip distribution,Web-based portals},
mendeley-groups = {Urban Simulators,to be read,Urban Planning,Architecture},
month = {dec},
number = {6},
pages = {987--1002},
publisher = {Pion Limited},
title = {{SIMULACRA: Fast land-use-transportation models for the rapid assessment of urban futures}},
url = {http://journals.sagepub.com/doi/10.1068/b4006mb},
volume = {40},
year = {2013}
}

@techreport{GarciaCantuRos2014,
author = {{Garc{\'{i}}a Cant{\'{u}} Ros}, Oliva and Feij{\'{o}}o, Claudio and Aggarwal, Shivom},
file = {:C\:/Library/Unknown - 2014 - D2.3 Review of Urban Models Use in Urban Policy Project acronym INSIGHT Project title Innovative Policy Modelling and.pdf:pdf},
institution = {INSIGHT},
mendeley-groups = {Simulations and Crowds,Urban Simulators,to be read,Urban Planning},
title = {{Review of Urban Models: Use in Urban Policy}},
url = {http://www.insight-fp7.eu/},
year = {2014}
}

@article{Cottineau2015,
archivePrefix = {arXiv},
arxivId = {1509.01200},
author = {Cottineau, Cl{\'{e}}mentine and Reuillon, Romain and Chapron, Paul and Rey-Coyrehourcq, S{\'{e}}bastien and Pumain, Denise},
doi = {10.3390/systems3040348},
eprint = {1509.01200},
file = {:C\:/Library/Cottineau et al. - 2015 - A Modular Modelling Framework for Hypotheses Testing in the Simulation of Urbanisation.pdf:pdf},
issn = {2079-8954},
journal = {Systems},
keywords = {ABM,equifinality,former soviet union,multimodelling,simulation,system of cities},
mendeley-groups = {Urban Simulators,Simulations and Crowds,Data Analytics for Urban Design},
month = {nov},
number = {4},
pages = {348--377},
publisher = {MDPI AG},
title = {{A Modular Modelling Framework for Hypotheses Testing in the Simulation of Urbanisation}},
url = {http://www.mdpi.com/2079-8954/3/4/348},
volume = {3},
year = {2015}
}

@article{Berkhout2004,
author = {Berkhout, Frans and Hertin, Julia},
doi = {10.1016/j.futures.2004.01.003},
file = {:C\:/Library/Berkhout, Hertin - 2004 - De-materialising and re-materialising Digital technologies and the environment.pdf:pdf},
issn = {00163287},
journal = {Futures},
keywords = {De-materialisation,Environment,Information and communication technologies,Innovation},
mendeley-groups = {Urban Simulators/Teleworking},
month = {oct},
number = {8},
pages = {903--920},
publisher = {Pergamon},
title = {{De-materialising and re-materialising: Digital technologies and the environment}},
volume = {36},
year = {2004}
}

@article{Gao2014,
author = {Gao, Jianxi and Liu, Yang Yu and D'Souza, Raissa M. and Barab{\'{a}}si, Albert L{\'{a}}szl{\'{o}}},
doi = {10.1038/ncomms6415},
file = {:C\:/Library/Gao et al. - 2014 - Target control of complex networks.pdf:pdf},
issn = {20411723},
journal = {Nature Communications},
keywords = {Complex networks,Theoretical physics},
mendeley-groups = {Urban resilience},
month = {nov},
number = {1},
pages = {1--8},
publisher = {Nature Publishing Group},
title = {{Target control of complex networks}},
url = {https://www.nature.com/articles/ncomms6415},
volume = {5},
year = {2014}
}

@article{Doucet2009,
author = {Doucet, Isabelle and Cupers, Kenny},
doi = {10.7480/footprint.3.1.694},
file = {:C\:/Library/Doucet, Cupers - 2014 - Agency in Architecture Reframing Criticality in Theory and Practice.pdf:pdf},
issn = {18751490},
journal = {Footprint (Delft School of Design Journal)},
mendeley-groups = {Epidemiology},
month = {jul},
number = {4},
pages = {1--6},
title = {{Agency in Architecture: Reframing criticality in theory and practice (editorial)}},
volume = {Spring},
year = {2009}
}

@book{Simon1969,
address = {Cambridge, MA},
author = {Simon, Herbert Alexander},
edition = {3rd},
file = {:C\:/Library/Simon - 1996 - The Sciences of the Artificial.pdf:pdf},
isbn = {9780262193740},
mendeley-groups = {MSCD,Computational Design},
publisher = {MIT Press},
title = {{The Sciences of the Artificial}},
url = {https://monoskop.org/images/9/9c/Simon_Herbert_A_The_Sciences_of_the_Artificial_3rd_ed.pdf},
year = {1969}
}

@book{Pask1976,
address = {Amsterdam, Oxford, New Yorjk},
author = {Pask, Gordon},
file = {:C\:/Library/Pask, Elisabeth, Elsevier - 1976 - CONVERSATION THEORY APPLICATIONS IN EDUCATION AND EPISTEMOLOGY.pdf:pdf},
isbn = {044441424X},
mendeley-groups = {Digital Twins,Digital Democracy-COSS},
pmid = {2234519},
publisher = {Elsevier},
title = {{Conversation Theory - Applications in Education and Epistemology}},
year = {1976}
}

@article{Fuller2020,
archivePrefix = {arXiv},
arxivId = {1911.01276},
author = {Fuller, Aidan and Fan, Zhong and Day, Charles and Barlow, Chris},
doi = {10.1109/ACCESS.2020.2998358},
eprint = {1911.01276},
issn = {21693536},
journal = {IEEE Access},
keywords = {Digital twins,Internet of Things (IoT),applications,deep learning,enabling technologies,industrial Internet of Things (IIoT),literature review,machine learning},
mendeley-groups = {Urban Simulators/paper BCN (pruning cities 01)},
pages = {108952--108971},
publisher = {Institute of Electrical and Electronics Engineers Inc.},
title = {{Digital Twin: Enabling Technologies, Challenges and Open Research}},
volume = {8},
year = {2020}
}

@article{Borges1946,
address = {Buenos Aires},
author = {Borges, Jorge Luis},
journal = {Los Anales de Buenos Aires, a{\~{n}}o 1, no. 3},
pages = {53},
title = {{Del Rigor de la Ciencia}},
year = {1946}
}

@article{Caldarelli2023,
author = {Caldarelli, G and Arcaute, E and Barthelemy, M and Batty, M and Gershenson, C and Helbing, D and Mancuso, S and Moreno, Y and Ramasco, J J and Rozenblat, C and S{\'{a}}nchez, A. and Fern{\'{a}}ndez-Villaca{\~{n}}as, J. L.},
doi = {10.1038/s43588-023-00431-4},
file = {:C\:/Library/s43588-023-00431-4.pdf:pdf},
issn = {2662-8457},
journal = {Nature Computational Science},
mendeley-groups = {Urban Planning},
month = {may},
title = {{The role of complexity for digital twins of cities}},
url = {https://www.nature.com/articles/s43588-023-00431-4},
year = {2023}
}

@article{VanDijck2014,
author = {van Dijck, Jos{\'{e}}},
doi = {10.24908/ss.v12i2.4776},
file = {:C\:/Library/van Dijck - 2014 - Datafication, dataism and dataveillance Big Data between scientific paradigm and ideology.pdf:pdf},
issn = {14777487},
journal = {Surveillance and Society},
keywords = {Big Data,Prism,metadata,social media,surveillance},
mendeley-groups = {Digital Twins,Digital Democracy-COSS,CoCi},
month = {may},
number = {2},
pages = {197--208},
publisher = {Surveillance Studies Network},
title = {{Datafication, dataism and dataveillance: Big data between scientific paradigm and ideology}},
url = {https://ojs.library.queensu.ca/index.php/surveillance-and-society/article/view/4776},
volume = {12},
year = {2014}
}
@article{Kye2021,
author = {Kye, Bokyung and Han, Nara and Kim, Eunji and Park, Yeonjeong and Jo, Soyoung},
doi = {10.3352/jeehp.2021.18.32},
file = {:C\:/Library/Kye et al. - 2021 - Educational applications of metaverse possibilities and limitations.pdf:pdf},
issn = {1975-5937},
journal = {Journal of Educational Evaluation for Health Professions},
keywords = {Augmented reality,Communication,Educational personnel,Medical education,Virtual reality},
mendeley-groups = {Digital Twins/Metaverse,Digital Democracy-COSS},
month = {dec},
pages = {32},
pmid = {34897242},
publisher = {Korea Health Personnel Licensing Examination Institute},
title = {{Educational applications of metaverse: possibilities and limitations}},
url = {https://synapse.koreamed.org/articles/1149230 http://jeehp.org/DOIx.php?id=10.3352/jeehp.2021.18.32},
volume = {18},
year = {2021}
}

@book{CardosoLlach2015,
address = {New York},
author = {{Cardoso Llach}, Daniel},
booktitle = {Builders of the Vision: Software and the Imagination of Design},
doi = {10.4324/9781315798240},
file = {:C\:/Library/9781315798240_webpdf.pdf:pdf},
isbn = {9781317755968},
mendeley-groups = {Digital Twins/DT: Potential Limitations and Ethical Issues,Computational Design,Architecture,Urban Simulators/pruning cities 02},
month = {jun},
pages = {1--199},
publisher = {Routledge},
title = {{Builders of the Vision}},
url = {https://www.taylorfrancis.com/books/mono/10.4324/9781315798240/builders-vision-daniel-cardoso-llach https://www.taylorfrancis.com/books/9781317755968},
year = {2015}
}

@book{Drew1968,
address = {New York},
author = {Drew, Donald R},
language = {English},
mendeley-groups = {Urban Simulators},
publisher = {McGraw-Hill},
title = {{Traffic flow theory and control}},
year = {1968}
}

@book{HCM2016,
address = {Washington, D.C},
author = {{National Academies of Sciences and Medicine (U.S.). Engineering Board. Transportation Research}},
isbn = {0309369975 9780309369978 0309369983 9780309369985 0309369991 9780309369992 0309370000 9780309370004},
language = {English},
mendeley-groups = {Urban Simulators},
publisher = {Transportation Research Board},
title = {{Highway capacity manual: a guide for multimodal mobility analysis.}},
year = {2016}
}

@article{Helbing2001Many,
author = {Helbing, Dirk},
doi = {10.1103/RevModPhys.73.1067},
file = {:C\:/Library/Helbing - 2001 - Traffic and related self-driven many-particle systems.pdf:pdf},
isbn = {9781479960781},
issn = {0034-6861},
journal = {Reviews of Modern Physics},
mendeley-groups = {CoCi,Digital Twins/DT: Potential Limitations and Ethical Issues},
month = {dec},
number = {4},
pages = {1067--1141},
title = {{Traffic and related self-driven many-particle systems}},
url = {https://link.aps.org/doi/10.1103/RevModPhys.73.1067},
volume = {73},
year = {2001}
}

@article{Heppenstall2016,
author = {Heppenstall, Alison and Malleson, Nick and Crooks, Andrew},
doi = {10.3390/systems4010009},
file = {:C\:/Library/Heppenstall, Malleson, Crooks - 2016 - “Space, the Final Frontier” How Good are Agent-Based Models at Simulating Individuals and Space i.pdf:pdf},
issn = {2079-8954},
journal = {Systems},
keywords = {agent-based modeling,big data,cities,crime,retail,simulation,space},
mendeley-groups = {Urban Simulators,Simulations and Crowds,Data Analytics for Urban Design},
month = {jan},
number = {1},
pages = {9},
publisher = {MDPI AG},
title = {{“Space, the Final Frontier”: How Good are Agent-Based Models at Simulating Individuals and Space in Cities?}},
url = {http://www.mdpi.com/2079-8954/4/1/9},
volume = {4},
year = {2016}
}


@article{Mathias2020,
author = {Mathias, Jean‐Denis and Debeljak, Marko and Deffuant, Guillaume and Diemer, Arnaud and Dierickx, Florian and Donges, Jonathan F. and Gladkykh, Ganna and Heitzig, Jobst and Holtz, Georg and Obergassel, Wolfgang and Pellaud, Francine and S{\'{a}}nchez, Angel and Trajanov, Aneta and Videira, Nuno},
doi = {10.1029/2020EF001573},
issn = {2328-4277},
journal = {Earth's Future},
mendeley-groups = {Policy,Digital Democracy-COSS,CoCi,Digital Twins/DT: Potential Limitations and Ethical Issues,Urban Simulators/paper BCN (pruning cities 01)},
month = {jul},
number = {7},
publisher = {John Wiley and Sons Inc},
title = {{Grounding Social Foundations for Integrated Assessment Models of Climate Change}},
url = {https://onlinelibrary.wiley.com/doi/10.1029/2020EF001573},
volume = {8},
year = {2020}
}

@book{Timmermans2009,
address = {Bingley},
author = {Timmermans, Harry},
file = {:C\:/Library/Timmermans - 2009 - Pedestrian Behavior Models, Data Collection and Applications.pdf:pdf},
isbn = {978-1-84855-751-2},
mendeley-groups = {Urban Simulators,Simulations and Crowds},
publisher = {Emerald Group Publishing Limited},
title = {{Pedestrian Behavior: Models, Data Collection and Applications}},
url = {https://books.google.com/books?hl=fr&lr=&id=eTBLC2dY894C&oi=fnd&pg=PP1&ots=N-KwmzQXMD&sig=sninr_dFjpHZzufc4FV2DBJPhT4},
year = {2009}
}

@article{Batty2005Agents,
author = {Batty, Michael},
doi = {10.1068/a3784},
file = {:C\:/Library/Batty - 2005 - Agents, Cells, and Cities New Representational Models for Simulating Multiscale Urban Dynamics.pdf:pdf},
issn = {0308518X},
journal = {Environment and Planning A},
mendeley-groups = {Urban Simulators},
month = {aug},
number = {8},
pages = {1373--1394},
publisher = {SAGE PublicationsSage UK: London, England},
title = {{Agents, cells, and cities: New representational models for simulating multiscale urban dynamics}},
url = {http://journals.sagepub.com/doi/10.1068/a3784},
volume = {37},
year = {2005}
}

@incollection{Cureton2020,
author = {Cureton, Paul and Dunn, Nick},
booktitle = {Shaping Smart for Better Cities: Rethinking and Shaping Relationships between Urban Space and Digital Technologies},
doi = {10.1016/B978-0-12-818636-7.00017-2},
file = {:C\:/Library/Cureton, Dunn - 2020 - Digital twins of cities and evasive futures.pdf:pdf},
isbn = {9780128186367},
keywords = {City information models,Digital twins,Future cities,Urban data and analytics},
mendeley-groups = {Digital Twins,Architecture,Urban Planning,Digital Twins/Urban Digital Twins},
month = {jan},
pages = {267--282},
publisher = {Elsevier},
title = {{Digital twins of cities and evasive futures}},
url = {https://doi.org/10.1016/B978-0-12-818636-7.00017-2},
year = {2020}
}

@inproceedings{Dubey2018TowardsEnv,
author = {Dubey, Rohit K and Kapadia, Mubbasir and Thrash, Tyler and Schinazi, Victor R and Hoelscher, Christoph},
booktitle = {CEUR Workshop Proceedings},
file = {:C\:/Library/Dubey et al. - Unknown - Towards an Information-Theoretic Framework for Quantifying Wayfinding Information in Virtual Environments.pdf:pdf},
issn = {16130073},
mendeley-groups = {Urban Planning,Data Analytics for Urban Design,Digital Twins,Architecture,Urban Simulators},
pages = {40--46},
title = {{Towards an information-theoretic framework for quantifying wayfinding information in virtual environments}},
volume = {2099},
year = {2018}
}

@inproceedings{Dubey2019FusionSources,
author = {Dubey, Rohit K. and Sohn, Samuel S. and Hoelscher, Christoph and Kapadia, Mubbasir},
booktitle = {2019 22th International Conference on Information Fusion (FUSION)},
doi = {10.23919/FUSION43075.2019.9011286},
file = {:C\:/Library/Dubey et al. - 2019 - Fusion-Based Wayfinding Prediction Model for Multiple Information Sources.pdf:pdf},
isbn = {978-0-9964527-8-6},
keywords = {Cognitive Agent,Dempster-Shafer Theory,Information Theory,Multi-Information Fusion},
mendeley-groups = {Digital Twins,Architecture},
month = {jul},
pages = {1--8},
publisher = {IEEE},
title = {{Fusion-Based Wayfinding Prediction Model for Multiple Information Sources}},
url = {https://ieeexplore.ieee.org/document/9011286/},
year = {2019}
}

@article{Duarte2018,
author = {Duarte, F{\'{a}}bio and Ratti, Carlo},
doi = {10.1080/10630732.2018.1493883},
file = {:C\:/Library/Duarte, Ratti - 2018 - The Impact of Autonomous Vehicles on Cities A Review.pdf:pdf},
issn = {14661853},
journal = {Journal of Urban Technology},
keywords = {Autonomous vehicles,urban design,urban infrastructure,vehicle form},
mendeley-groups = {Urban Simulators},
month = {oct},
number = {4},
pages = {3--18},
publisher = {Routledge},
title = {{The Impact of Autonomous Vehicles on Cities: A Review}},
url = {https://www.tandfonline.com/doi/full/10.1080/10630732.2018.1493883},
volume = {25},
year = {2018}
}

@article{Dubey2024AdapLanes,
author = {Dubey, Rohit K. and {Argota S{\'{a}}nchez-Vaquerizo}, Javier and Dailisan, Damian and Helbing, Dirk},
doi = {10.2139/SSRN.4697563},
file = {:C\:/Library/ssrn-4697563.pdf:pdf},
journal = {SSRN Electronic Journal},
keywords = {Adaptable Lanes,Cooperative Adaptable Lanes for Safer Shared Space,Cooperative Reinforcement Learning,Damian Dailisan,Dirk Helbing,Javier Argota S{\'{a}}nchez-Vaquerizo,Rohit  K. Dubey,SSRN,Smart Streets,Transportation,Urban Planning},
mendeley-groups = {Digital Twins,Urban Planning,Urban Simulators/adaptive streets},
title = {{Cooperative Adaptable Lanes for Safer Shared Space and Improved Mixed-Traffic Flow}},
url = {https://papers.ssrn.com/abstract=4697563},
year = {2024}
}

@article{Dubey2024Fairlane,
author = {Dubey, Rohit K. and Dailisan, Damian and {Argota S{\'{a}}nchez-Vaquerizo}, Javier and Helbing, Dirk},
doi = {10.2139/SSRN.4878000},
file = {:C\:/Library/ssrn-4878000.pdf:pdf},
journal = {SSRN Electronic Journal},
keywords = {Connected Autonomous Vehicles,Damian Dailisan,Dirk Helbing,Fairlane: A Multi-Agent Approach to Priority Lane,Javier Argota S{\'{a}}nchez-Vaquerizo,Priority Lanes,Reinforcement Learning,Right-Of-Way,Rohit  K. Dubey,SSRN,Urban Planning},
mendeley-groups = {Urban Simulators/adaptive streets,Digital Twins},
title = {{Fairlane: A Multi-Agent Approach to Priority Lane Management in Diverse Traffic Composition}},
url = {https://papers.ssrn.com/abstract=4878000},
year = {2024}
}

@article{Jayaraman2019,
author = {Jayaraman, Suresh Kumaar and Creech, Chandler and Tilbury, Dawn M. and Yang, X. Jessie and Pradhan, Anuj K. and Tsui, Katherine M. and Robert, Lionel P.},
doi = {10.3389/frobt.2019.00117},
file = {:C\:/Library/Jayaraman et al. - 2019 - Pedestrian Trust in Automated Vehicles Role of Traffic Signal and AV Driving Behavior.pdf:pdf},
issn = {2296-9144},
journal = {Frontiers in Robotics and AI},
keywords = {automated vehicles,human–automation interaction,implicit communication,trust in automation,virtual reality},
mendeley-groups = {Urban Simulators/adaptive streets},
month = {nov},
pages = {117},
publisher = {Frontiers Media SA},
title = {{Pedestrian Trust in Automated Vehicles: Role of Traffic Signal and AV Driving Behavior}},
url = {https://www.frontiersin.org/article/10.3389/frobt.2019.00117/full},
volume = {6},
year = {2019}
}

@book{Meyboom2018,
author = {Meyboom, AnnaLisa},
booktitle = {Driverless Urban Futures},
doi = {10.4324/9781351134033},
file = {:C\:/Library/Meyboom - 2018 - Driverless Urban Futures.pdf:pdf},
mendeley-groups = {Urban Planning,Urban Simulators/adaptive streets},
month = {dec},
publisher = {Routledge},
title = {{Driverless Urban Futures}},
url = {https://www.taylorfrancis.com/https://www.taylorfrancis.com/books/mono/10.4324/9781351134033/driverless-urban-futures-annalisa-meyboom},
year = {2018}
}

@article{Riggs2020,
author = {Riggs, William and Appleyard, Bruce and Johnson, Michael},
doi = {10.1080/21650020.2020.1749123},
file = {:C\:/Library/Riggs, Appleyard, Johnson - 2020 - A design framework for livable streets in the era of autonomous vehicles.pdf:pdf},
issn = {2165-0020},
journal = {Urban, Planning and Transport Research},
keywords = {Urban design,autonomous vehicles,livability,streets},
mendeley-groups = {to be read,Urban Planning},
month = {jan},
number = {1},
pages = {125--137},
publisher = {Informa UK Limited},
title = {{A design framework for livable streets in the era of autonomous vehicles}},
url = {https://www.tandfonline.com/doi/full/10.1080/21650020.2020.1749123},
volume = {8},
year = {2020}
}

@article{Guzman2014,
author = {Guzman, Luis A. and de la Hoz, Daniel and Monz{\'{o}}n, Andr{\'{e}}s},
doi = {10.1080/15568318.2012.696772},
file = {:C\:/Library/Guzman, de la Hoz, Monz{\'{o}}n - 2014 - Optimal and Long-Term Dynamic Transport Policy Design Seeking Maximum Social Welfare through a Pricin.pdf:pdf},
issn = {15568318},
journal = {International Journal of Sustainable Transportation},
keywords = {CBA approach,policy optimization,sustainable transportation,urban transport policy},
mendeley-groups = {Urban Simulators/Teleworking,Urban Planning},
month = {jul},
number = {4},
pages = {297--316},
publisher = {Taylor & Francis Group},
title = {{Optimal and Long-Term Dynamic Transport Policy Design: Seeking Maximum Social Welfare through a Pricing Scheme}},
url = {http://www.tandfonline.com/doi/abs/10.1080/15568318.2012.696772},
volume = {8},
year = {2014}
}

@article{Wang2015,
author = {Wang, Yang and Monzon, Andres and Ciommo, Floridea Di},
doi = {10.1016/j.compenvurbsys.2014.03.005},
file = {:C\:/Library/Wang, Monzon, Ciommo - 2015 - Assessing the accessibility impact of transport policy by a land-use and transport interaction model – The.pdf:pdf},
issn = {01989715},
journal = {Computers, Environment and Urban Systems},
keywords = {Accessibility,LUTI model,Transport policy},
mendeley-groups = {Urban Simulators/Teleworking,Urban Planning},
month = {jan},
pages = {126--135},
publisher = {Elsevier Ltd},
title = {{Assessing the accessibility impact of transport policy by a land-use and transport interaction model - The case of Madrid}},
url = {https://linkinghub.elsevier.com/retrieve/pii/S019897151400043X},
volume = {49},
year = {2015}
}

@techreport{SidewalkLabs2017,
abstract = {An overview of the Ptolemy Project.},
annote = {Affordable housing through:
-flexible industrialised contruction components and process
-outcome-based coded: dynamic construction regulations.
-diverse occupancy and ownership models with enabling innovartive financing structures.},
author = {{Sidewalk Labs}},
file = {:C\:/Library/Sidewalk Labs - 2017 - Project Vision.pdf:pdf},
keywords = {Sidewalk,Toronto,city,city planning,planning,urban planning},
mendeley-groups = {Urban Planning},
mendeley-tags = {Sidewalk,Toronto,city,city planning,planning,urban planning},
pages = {2009--2011},
title = {{Project Vision}},
year = {2017}
}

@techreport{Townsend2014,
address = {New York City NY, USA},
author = {Townsend, Anthony M.},
file = {:C\:/Library/Townsend - 2014 - Re-Programming Mobility The Digital Transformation of Transportation in the United States.pdf:pdf},
institution = {NYU Wagner. Rudin Center for Transportation Policy \& Management},
mendeley-groups = {Urban Simulators/adaptive streets},
title = {{Re-Programming Mobility: The Digital Transformation of Transportation in the United States}},
url = {www.reprogrammingmobility.org},
year = {2014}
}

@book{Dunne2013,
address = {Cambridge, MA and London, England},
author = {Dunne, Antony and Raby, Diona},
file = {:C\:/Library/speculative-everything.pdf:pdf},
isbn = {978-0-262-01984-2},
mendeley-groups = {Architecture},
publisher = {The MIT Press},
title = {{Speculative everything. Design, diction, and social dreaming.}},
year = {2013}
}

@article{Gall2022,
author = {Gall, Tjark and Vallet, Flore and Yannou, Bernard},
doi = {10.1016/J.FUTURES.2022.103024},
file = {:C\:/Library/Gall, Vallet, Yannou - 2022 - How to visualise futures studies concepts Revision of the futures cone.pdf:pdf},
issn = {0016-3287},
journal = {Futures},
keywords = {Cone of possibilities,Futures cone,Futures studies,Scenario planning,Uncertainty},
mendeley-groups = {Urban Simulators/adaptive streets,Computational Design,Digital Twins,Architecture},
month = {oct},
pages = {103024},
publisher = {Pergamon},
title = {{How to visualise futures studies concepts: Revision of the futures cone}},
volume = {143},
year = {2022}
}

@article{Xue2021,
author = {Xue, Fan and Wu, Liupengfei and Lu, Weisheng},
doi = {10.1016/j.aei.2020.101245},
file = {::},
issn = {14740346},
journal = {Advanced Engineering Informatics},
keywords = {Building Information Model,City Information Model,Geographic Information System,Intelligent building,Semantic enrichment,Smart city},
mendeley-groups = {Urban Simulators/adaptive streets,Computational Design,Digital Twins,Architecture},
month = {jan},
pages = {101245},
publisher = {Elsevier},
title = {{Semantic enrichment of building and city information models: A ten-year review}},
volume = {47},
year = {2021}
}

@article{Tzachor2022,
author = {Tzachor, Asaf and Sabri, Soheil and Richards, Catherine E. and Rajabifard, Abbas and Acuto, Michele},
doi = {10.1038/s41893-022-00923-7},
file = {:C\:/Library/Tzachor et al. - 2022 - Potential and limitations of digital twins to achieve the Sustainable Development Goals.pdf:pdf},
issn = {23989629},
journal = {Nature Sustainability},
keywords = {Civil engineering,Information technology,Interdisciplinary studies,Sustainability},
mendeley-groups = {Urban Planning,SUE,Digital Twins},
month = {jul},
number = {10},
pages = {822--829},
publisher = {Nature Publishing Group},
title = {{Potential and limitations of digital twins to achieve the Sustainable Development Goals}},
url = {https://www.nature.com/articles/s41893-022-00923-7},
volume = {5},
year = {2022}
}

@incollection{Mair2018,
author = {Mair, Simon and Jones, Aled and Ward, Jonathan and Christie, Ian and Druckman, Angela and Lyon, Fergus},
booktitle = {World Sustainability Series},
doi = {10.1007/978-3-319-63007-6_3},
file = {:C\:/Library/Mair et al. - 2018 - A Critical Review of the Role of Indicators in Implementing the Sustainable Development Goals.pdf:pdf},
issn = {21997381},
mendeley-groups = {Architecture,Urban resilience,Urban Planning},
pages = {41--56},
publisher = {Springer},
title = {{A Critical Review of the Role of Indicators in Implementing the Sustainable Development Goals}},
url = {https://link.springer.com/chapter/10.1007/978-3-319-63007-6_3},
year = {2018}
}

@article{Rittel1973,
author = {Rittel, Horst W. J. and Webber, Melvin M.},
doi = {10.1007/BF01405730},
file = {:C\:/Library/Rittel, Webber - 1973 - Dilemmas in a general theory of planning.pdf:pdf},
issn = {0032-2687},
journal = {Policy Sciences},
mendeley-groups = {MSCD},
month = {jun},
number = {2},
pages = {155--169},
publisher = {Kluwer Academic Publishers},
title = {{Dilemmas in a general theory of planning}},
url = {http://link.springer.com/10.1007/BF01405730},
volume = {4},
year = {1973}
}

@article{Kac1969,
author = {Kac, Mark},
doi = {10.1126/science.166.3906.695},
file = {:C\:/Library/Kac-MathematicalModelsScience-1969.pdf:pdf},
issn = {0036-8075},
journal = {Science},
mendeley-groups = {Digital Twins},
month = {nov},
number = {3906},
pages = {695--699},
title = {{Some Mathematical Models in Science}},
url = {https://www.science.org/doi/10.1126/science.166.3906.695},
volume = {166},
year = {1969}
}

@article{Pask1969,
author = {Pask, Gordon},
journal = {Architectural Design},
mendeley-groups = {Computational Design,Urban Planning,Digital Democracy-COSS},
number = {7/6},
pages = {494--496},
title = {{The Architectural Relevance of Cybernetics}},
volume = {September},
year = {1969}
}

